%YAML 1.1
%TAG !u! tag:unity3d.com,2011:
--- !u!1 &1736673691370752465
GameObject:
  m_ObjectHideFlags: 0
  m_CorrespondingSourceObject: {fileID: 0}
  m_PrefabInstance: {fileID: 0}
  m_PrefabAsset: {fileID: 0}
  serializedVersion: 6
  m_Component:
  - component: {fileID: 8315240426300196037}
  m_Layer: 11
  m_Name: QuiverBelt
  m_TagString: Untagged
  m_Icon: {fileID: 0}
  m_NavMeshLayer: 0
  m_StaticEditorFlags: 0
  m_IsActive: 1
--- !u!4 &8315240426300196037
Transform:
  m_ObjectHideFlags: 0
  m_CorrespondingSourceObject: {fileID: 0}
  m_PrefabInstance: {fileID: 0}
  m_PrefabAsset: {fileID: 0}
  m_GameObject: {fileID: 1736673691370752465}
  m_LocalRotation: {x: 0, y: -0.76889765, z: 0, w: 0.63937193}
  m_LocalPosition: {x: 0, y: 0, z: 0}
  m_LocalScale: {x: 1, y: 1, z: 1}
  m_Children:
  - {fileID: 6899137214656093863}
  m_Father: {fileID: 3094249975541540255}
  m_RootOrder: 1
  m_LocalEulerAnglesHint: {x: 0, y: -100.51, z: 0}
--- !u!1 &3094249975541540248
GameObject:
  m_ObjectHideFlags: 0
  m_CorrespondingSourceObject: {fileID: 0}
  m_PrefabInstance: {fileID: 0}
  m_PrefabAsset: {fileID: 0}
  serializedVersion: 6
  m_Component:
  - component: {fileID: 3094249975541540255}
  - component: {fileID: 3094249975541540254}
  - component: {fileID: 3805391943566571307}
  - component: {fileID: 3805391943566571349}
  m_Layer: 11
  m_Name: Inventory Shoulder Quiver
  m_TagString: Untagged
  m_Icon: {fileID: 0}
  m_NavMeshLayer: 0
  m_StaticEditorFlags: 0
  m_IsActive: 1
--- !u!4 &3094249975541540255
Transform:
  m_ObjectHideFlags: 0
  m_CorrespondingSourceObject: {fileID: 0}
  m_PrefabInstance: {fileID: 0}
  m_PrefabAsset: {fileID: 0}
  m_GameObject: {fileID: 3094249975541540248}
  m_LocalRotation: {x: -0, y: -0.43835896, z: -0, w: 0.8988}
  m_LocalPosition: {x: 61.72877, y: 3.689, z: 149.06096}
  m_LocalScale: {x: 1, y: 1, z: 1}
  m_Children:
  - {fileID: 3805391943339133003}
  - {fileID: 8315240426300196037}
  m_Father: {fileID: 0}
  m_RootOrder: 0
  m_LocalEulerAnglesHint: {x: 0, y: -51.998, z: 0}
--- !u!114 &3094249975541540254
MonoBehaviour:
  m_ObjectHideFlags: 0
  m_CorrespondingSourceObject: {fileID: 0}
  m_PrefabInstance: {fileID: 0}
  m_PrefabAsset: {fileID: 0}
  m_GameObject: {fileID: 3094249975541540248}
  m_Enabled: 1
  m_EditorHideFlags: 0
  m_Script: {fileID: 11500000, guid: 8e5f8d9f9b7680c4ea92da637174b928, type: 3}
  m_Name: 
  m_EditorClassIdentifier: 
  m_InteractionManager: {fileID: 0}
  m_InteractionLayerMask:
    serializedVersion: 2
    m_Bits: 8192
  m_AttachTransform: {fileID: 3805391943339133003}
  m_StartingSelectedInteractable: {fileID: 0}
  m_OnHoverEnter:
    m_PersistentCalls:
      m_Calls: []
  m_OnHoverExit:
    m_PersistentCalls:
      m_Calls: []
  m_OnSelectEnter:
    m_PersistentCalls:
      m_Calls: []
  m_OnSelectExit:
    m_PersistentCalls:
      m_Calls:
      - m_Target: {fileID: 3805391943566571307}
        m_TargetAssemblyTypeName: 
        m_MethodName: Play
        m_Mode: 1
        m_Arguments:
          m_ObjectArgument: {fileID: 0}
          m_ObjectArgumentAssemblyTypeName: UnityEngine.Object, UnityEngine
          m_IntArgument: 0
          m_FloatArgument: 0
          m_StringArgument: 
          m_BoolArgument: 0
        m_CallState: 2
  m_ShowInteractableHoverMeshes: 0
  m_InteractableHoverMeshMaterial: {fileID: 0}
  m_SocketActive: 1
  m_InteractableHoverScale: 1
  m_RecycleDelayTime: 1
  arrowPrefab: {fileID: 8542102953145869890, guid: 5c51937e899ec9443a1757aefe9d49cb, type: 3}
--- !u!82 &3805391943566571307
AudioSource:
  m_ObjectHideFlags: 0
  m_CorrespondingSourceObject: {fileID: 0}
  m_PrefabInstance: {fileID: 0}
  m_PrefabAsset: {fileID: 0}
  m_GameObject: {fileID: 3094249975541540248}
  m_Enabled: 1
  serializedVersion: 4
  OutputAudioMixerGroup: {fileID: 0}
  m_audioClip: {fileID: 8300000, guid: f4c2356a8145645f2add1f67e1ec0c81, type: 3}
  m_PlayOnAwake: 0
  m_Volume: 0.53
  m_Pitch: 1
  Loop: 0
  Mute: 0
  Spatialize: 0
  SpatializePostEffects: 0
  Priority: 128
  DopplerLevel: 1
  MinDistance: 1
  MaxDistance: 500
  Pan2D: 0
  rolloffMode: 0
  BypassEffects: 0
  BypassListenerEffects: 0
  BypassReverbZones: 0
  rolloffCustomCurve:
    serializedVersion: 2
    m_Curve:
    - serializedVersion: 3
      time: 0
      value: 1
      inSlope: 0
      outSlope: 0
      tangentMode: 0
      weightedMode: 0
      inWeight: 0.33333334
      outWeight: 0.33333334
    - serializedVersion: 3
      time: 1
      value: 0
      inSlope: 0
      outSlope: 0
      tangentMode: 0
      weightedMode: 0
      inWeight: 0.33333334
      outWeight: 0.33333334
    m_PreInfinity: 2
    m_PostInfinity: 2
    m_RotationOrder: 4
  panLevelCustomCurve:
    serializedVersion: 2
    m_Curve:
    - serializedVersion: 3
      time: 0
      value: 0
      inSlope: 0
      outSlope: 0
      tangentMode: 0
      weightedMode: 0
      inWeight: 0.33333334
      outWeight: 0.33333334
    m_PreInfinity: 2
    m_PostInfinity: 2
    m_RotationOrder: 4
  spreadCustomCurve:
    serializedVersion: 2
    m_Curve:
    - serializedVersion: 3
      time: 0
      value: 0
      inSlope: 0
      outSlope: 0
      tangentMode: 0
      weightedMode: 0
      inWeight: 0.33333334
      outWeight: 0.33333334
    m_PreInfinity: 2
    m_PostInfinity: 2
    m_RotationOrder: 4
  reverbZoneMixCustomCurve:
    serializedVersion: 2
    m_Curve:
    - serializedVersion: 3
      time: 0
      value: 1
      inSlope: 0
      outSlope: 0
      tangentMode: 0
      weightedMode: 0
      inWeight: 0.33333334
      outWeight: 0.33333334
    m_PreInfinity: 2
    m_PostInfinity: 2
    m_RotationOrder: 4
--- !u!114 &3805391943566571349
MonoBehaviour:
  m_ObjectHideFlags: 0
  m_CorrespondingSourceObject: {fileID: 0}
  m_PrefabInstance: {fileID: 0}
  m_PrefabAsset: {fileID: 0}
  m_GameObject: {fileID: 3094249975541540248}
  m_Enabled: 1
  m_EditorHideFlags: 0
  m_Script: {fileID: 11500000, guid: f121edfe120a67b4fb8dbc4e68020105, type: 3}
  m_Name: 
  m_EditorClassIdentifier: 
  target: {fileID: 0}
  offset: {x: 0.0374, y: -0.6, z: -0.06}
--- !u!1 &3805391943339133002
GameObject:
  m_ObjectHideFlags: 0
  m_CorrespondingSourceObject: {fileID: 0}
  m_PrefabInstance: {fileID: 0}
  m_PrefabAsset: {fileID: 0}
  serializedVersion: 6
  m_Component:
  - component: {fileID: 3805391943339133003}
  m_Layer: 11
  m_Name: Attach Transform
  m_TagString: Untagged
  m_Icon: {fileID: 0}
  m_NavMeshLayer: 0
  m_StaticEditorFlags: 0
  m_IsActive: 1
--- !u!4 &3805391943339133003
Transform:
  m_ObjectHideFlags: 0
  m_CorrespondingSourceObject: {fileID: 0}
  m_PrefabInstance: {fileID: 0}
  m_PrefabAsset: {fileID: 0}
  m_GameObject: {fileID: 3805391943339133002}
  m_LocalRotation: {x: 0.88296944, y: -0.26582474, z: 0.15304267, w: 0.35535926}
  m_LocalPosition: {x: 0.192, y: 0.1518, z: 0.3397}
  m_LocalScale: {x: 1, y: 1, z: 1}
  m_Children: []
  m_Father: {fileID: 3094249975541540255}
  m_RootOrder: 0
  m_LocalEulerAnglesHint: {x: 45.146, y: 173.378, z: 210.754}
--- !u!1001 &6355724503996987724
PrefabInstance:
  m_ObjectHideFlags: 0
  serializedVersion: 2
  m_Modification:
    m_TransformParent: {fileID: 8315240426300196037}
    m_Modifications:
    - target: {fileID: -8679921383154817045, guid: 4b9aaafd85b36b04b8ae593677621ab9, type: 3}
      propertyPath: m_LocalPosition.x
      value: -0.09619698
      objectReference: {fileID: 0}
    - target: {fileID: -8679921383154817045, guid: 4b9aaafd85b36b04b8ae593677621ab9, type: 3}
      propertyPath: m_LocalPosition.y
      value: -0.053703308
      objectReference: {fileID: 0}
    - target: {fileID: -8679921383154817045, guid: 4b9aaafd85b36b04b8ae593677621ab9, type: 3}
      propertyPath: m_LocalPosition.z
      value: 0.04289615
      objectReference: {fileID: 0}
    - target: {fileID: -8679921383154817045, guid: 4b9aaafd85b36b04b8ae593677621ab9, type: 3}
      propertyPath: m_LocalRotation.x
      value: -0
      objectReference: {fileID: 0}
    - target: {fileID: -8679921383154817045, guid: 4b9aaafd85b36b04b8ae593677621ab9, type: 3}
      propertyPath: m_LocalRotation.y
      value: 0.696821
      objectReference: {fileID: 0}
    - target: {fileID: -8679921383154817045, guid: 4b9aaafd85b36b04b8ae593677621ab9, type: 3}
      propertyPath: m_LocalRotation.z
      value: -0
      objectReference: {fileID: 0}
    - target: {fileID: -8679921383154817045, guid: 4b9aaafd85b36b04b8ae593677621ab9, type: 3}
      propertyPath: m_LocalRotation.w
      value: -0.71724516
      objectReference: {fileID: 0}
    - target: {fileID: -8679921383154817045, guid: 4b9aaafd85b36b04b8ae593677621ab9, type: 3}
      propertyPath: m_RootOrder
      value: 0
      objectReference: {fileID: 0}
    - target: {fileID: -8679921383154817045, guid: 4b9aaafd85b36b04b8ae593677621ab9, type: 3}
      propertyPath: m_LocalEulerAnglesHint.x
      value: 0
      objectReference: {fileID: 0}
    - target: {fileID: -8679921383154817045, guid: 4b9aaafd85b36b04b8ae593677621ab9, type: 3}
      propertyPath: m_LocalEulerAnglesHint.y
      value: 271.655
      objectReference: {fileID: 0}
    - target: {fileID: -8679921383154817045, guid: 4b9aaafd85b36b04b8ae593677621ab9, type: 3}
      propertyPath: m_LocalEulerAnglesHint.z
      value: 0
      objectReference: {fileID: 0}
    - target: {fileID: -8679921383154817045, guid: 4b9aaafd85b36b04b8ae593677621ab9, type: 3}
      propertyPath: m_LocalScale.x
      value: 1.6
      objectReference: {fileID: 0}
    - target: {fileID: -8679921383154817045, guid: 4b9aaafd85b36b04b8ae593677621ab9, type: 3}
      propertyPath: m_LocalScale.y
      value: 1.6
      objectReference: {fileID: 0}
    - target: {fileID: -8679921383154817045, guid: 4b9aaafd85b36b04b8ae593677621ab9, type: 3}
      propertyPath: m_LocalScale.z
      value: 1.6
      objectReference: {fileID: 0}
    - target: {fileID: -8380157826906577798, guid: 4b9aaafd85b36b04b8ae593677621ab9, type: 3}
      propertyPath: m_Layer
      value: 11
      objectReference: {fileID: 0}
    - target: {fileID: -8380157826906577798, guid: 4b9aaafd85b36b04b8ae593677621ab9, type: 3}
      propertyPath: m_IsActive
      value: 1
      objectReference: {fileID: 0}
    - target: {fileID: -6902573867230041995, guid: 4b9aaafd85b36b04b8ae593677621ab9, type: 3}
      propertyPath: m_Materials.Array.data[0]
      value: 
      objectReference: {fileID: 2100000, guid: ee67b20440997a54ea4c862e3d1b8ed2, type: 2}
    - target: {fileID: -6902573867230041995, guid: 4b9aaafd85b36b04b8ae593677621ab9, type: 3}
      propertyPath: m_Enabled
      value: 1
      objectReference: {fileID: 0}
    - target: {fileID: 919132149155446097, guid: 4b9aaafd85b36b04b8ae593677621ab9, type: 3}
      propertyPath: m_Name
      value: QuiverBelt
      objectReference: {fileID: 0}
    - target: {fileID: 919132149155446097, guid: 4b9aaafd85b36b04b8ae593677621ab9, type: 3}
      propertyPath: m_Layer
      value: 11
      objectReference: {fileID: 0}
    - target: {fileID: 5533515049086920864, guid: 4b9aaafd85b36b04b8ae593677621ab9, type: 3}
      propertyPath: m_Materials.Array.data[0]
      value: 
      objectReference: {fileID: 2100000, guid: ee67b20440997a54ea4c862e3d1b8ed2, type: 2}
    - target: {fileID: 5533515049086920864, guid: 4b9aaafd85b36b04b8ae593677621ab9, type: 3}
      propertyPath: m_Enabled
      value: 1
      objectReference: {fileID: 0}
    - target: {fileID: 8569228527481131621, guid: 4b9aaafd85b36b04b8ae593677621ab9, type: 3}
      propertyPath: m_Layer
      value: 11
      objectReference: {fileID: 0}
    - target: {fileID: 8569228527481131621, guid: 4b9aaafd85b36b04b8ae593677621ab9, type: 3}
      propertyPath: m_IsActive
      value: 1
      objectReference: {fileID: 0}
    m_RemovedComponents: []
  m_SourcePrefab: {fileID: 100100000, guid: 4b9aaafd85b36b04b8ae593677621ab9, type: 3}
--- !u!4 &6899137214656093863 stripped
Transform:
  m_CorrespondingSourceObject: {fileID: -8679921383154817045, guid: 4b9aaafd85b36b04b8ae593677621ab9, type: 3}
  m_PrefabInstance: {fileID: 6355724503996987724}
  m_PrefabAsset: {fileID: 0}
