%YAML 1.1
%TAG !u! tag:unity3d.com,2011:
--- !u!1 &6396780791918187366
GameObject:
  m_ObjectHideFlags: 0
  m_CorrespondingSourceObject: {fileID: 0}
  m_PrefabInstance: {fileID: 0}
  m_PrefabAsset: {fileID: 0}
  serializedVersion: 6
  m_Component:
  - component: {fileID: 6396780791918187365}
  - component: {fileID: 6396780791918187364}
  m_Layer: 0
  m_Name: SoundFX_Select
  m_TagString: Untagged
  m_Icon: {fileID: 0}
  m_NavMeshLayer: 0
  m_StaticEditorFlags: 0
  m_IsActive: 1
--- !u!4 &6396780791918187365
Transform:
  m_ObjectHideFlags: 0
  m_CorrespondingSourceObject: {fileID: 0}
  m_PrefabInstance: {fileID: 0}
  m_PrefabAsset: {fileID: 0}
  m_GameObject: {fileID: 6396780791918187366}
  m_LocalRotation: {x: -0, y: -0, z: -0, w: 1}
  m_LocalPosition: {x: 0, y: 0, z: 0}
  m_LocalScale: {x: 1, y: 1, z: 1}
  m_Children: []
  m_Father: {fileID: 6396780793553525587}
  m_RootOrder: 2
  m_LocalEulerAnglesHint: {x: 0, y: 0, z: 0}
--- !u!82 &6396780791918187364
AudioSource:
  m_ObjectHideFlags: 0
  m_CorrespondingSourceObject: {fileID: 0}
  m_PrefabInstance: {fileID: 0}
  m_PrefabAsset: {fileID: 0}
  m_GameObject: {fileID: 6396780791918187366}
  m_Enabled: 1
  serializedVersion: 4
  OutputAudioMixerGroup: {fileID: 0}
  m_audioClip: {fileID: 8300000, guid: 75e08747925414828a5c2b1e34943cee, type: 3}
  m_PlayOnAwake: 0
  m_Volume: 1
  m_Pitch: 1
  Loop: 0
  Mute: 0
  Spatialize: 0
  SpatializePostEffects: 0
  Priority: 128
  DopplerLevel: 1
  MinDistance: 1
  MaxDistance: 500.16
  Pan2D: 0
  rolloffMode: 0
  BypassEffects: 0
  BypassListenerEffects: 0
  BypassReverbZones: 0
  rolloffCustomCurve:
    serializedVersion: 2
    m_Curve:
    - serializedVersion: 3
      time: 0
      value: 1
      inSlope: 0
      outSlope: 0
      tangentMode: 0
      weightedMode: 0
      inWeight: 0.33333334
      outWeight: 0.33333334
    - serializedVersion: 3
      time: 1
      value: 0
      inSlope: 0
      outSlope: 0
      tangentMode: 0
      weightedMode: 0
      inWeight: 0.33333334
      outWeight: 0.33333334
    m_PreInfinity: 2
    m_PostInfinity: 2
    m_RotationOrder: 4
  panLevelCustomCurve:
    serializedVersion: 2
    m_Curve:
    - serializedVersion: 3
      time: 0
      value: 0
      inSlope: 0
      outSlope: 0
      tangentMode: 0
      weightedMode: 0
      inWeight: 0.33333334
      outWeight: 0.33333334
    m_PreInfinity: 2
    m_PostInfinity: 2
    m_RotationOrder: 4
  spreadCustomCurve:
    serializedVersion: 2
    m_Curve:
    - serializedVersion: 3
      time: 0
      value: 0
      inSlope: 0
      outSlope: 0
      tangentMode: 0
      weightedMode: 0
      inWeight: 0.33333334
      outWeight: 0.33333334
    m_PreInfinity: 2
    m_PostInfinity: 2
    m_RotationOrder: 4
  reverbZoneMixCustomCurve:
    serializedVersion: 2
    m_Curve:
    - serializedVersion: 3
      time: 0
      value: 1
      inSlope: 0
      outSlope: 0
      tangentMode: 0
      weightedMode: 0
      inWeight: 0.33333334
      outWeight: 0.33333334
    m_PreInfinity: 2
    m_PostInfinity: 2
    m_RotationOrder: 4
--- !u!1 &6396780792506004518
GameObject:
  m_ObjectHideFlags: 0
  m_CorrespondingSourceObject: {fileID: 0}
  m_PrefabInstance: {fileID: 0}
  m_PrefabAsset: {fileID: 0}
  serializedVersion: 6
  m_Component:
  - component: {fileID: 6396780792506004517}
  m_Layer: 0
  m_Name: HologramAttach
  m_TagString: Untagged
  m_Icon: {fileID: 0}
  m_NavMeshLayer: 0
  m_StaticEditorFlags: 0
  m_IsActive: 1
--- !u!4 &6396780792506004517
Transform:
  m_ObjectHideFlags: 0
  m_CorrespondingSourceObject: {fileID: 0}
  m_PrefabInstance: {fileID: 0}
  m_PrefabAsset: {fileID: 0}
  m_GameObject: {fileID: 6396780792506004518}
  m_LocalRotation: {x: 0, y: 0, z: 0, w: 1}
  m_LocalPosition: {x: -0.018, y: 1.456, z: 0.032}
  m_LocalScale: {x: 1, y: 1, z: 1}
  m_Children:
  - {fileID: 5867698632951716090}
  m_Father: {fileID: 6396780793553525587}
  m_RootOrder: 1
  m_LocalEulerAnglesHint: {x: 0, y: 0, z: 0}
--- !u!1 &6396780792774179497
GameObject:
  m_ObjectHideFlags: 0
  m_CorrespondingSourceObject: {fileID: 0}
  m_PrefabInstance: {fileID: 0}
  m_PrefabAsset: {fileID: 0}
  serializedVersion: 6
  m_Component:
  - component: {fileID: 6396780792774179496}
  m_Layer: 0
  m_Name: SocketAttach
  m_TagString: Untagged
  m_Icon: {fileID: 0}
  m_NavMeshLayer: 0
  m_StaticEditorFlags: 0
  m_IsActive: 1
--- !u!4 &6396780792774179496
Transform:
  m_ObjectHideFlags: 0
  m_CorrespondingSourceObject: {fileID: 0}
  m_PrefabInstance: {fileID: 0}
  m_PrefabAsset: {fileID: 0}
  m_GameObject: {fileID: 6396780792774179497}
  m_LocalRotation: {x: 0, y: 0, z: 0, w: 1}
  m_LocalPosition: {x: 0, y: 1.252, z: 0}
  m_LocalScale: {x: 1, y: 1, z: 1}
  m_Children: []
  m_Father: {fileID: 6396780793553525587}
  m_RootOrder: 0
  m_LocalEulerAnglesHint: {x: 0, y: 0, z: 0}
--- !u!1 &6396780793351230985
GameObject:
  m_ObjectHideFlags: 0
  m_CorrespondingSourceObject: {fileID: 0}
  m_PrefabInstance: {fileID: 0}
  m_PrefabAsset: {fileID: 0}
  serializedVersion: 6
  m_Component:
  - component: {fileID: 6396780793351230984}
  - component: {fileID: 6396780793351230999}
  m_Layer: 0
  m_Name: SoundFX_Deselect
  m_TagString: Untagged
  m_Icon: {fileID: 0}
  m_NavMeshLayer: 0
  m_StaticEditorFlags: 0
  m_IsActive: 1
--- !u!4 &6396780793351230984
Transform:
  m_ObjectHideFlags: 0
  m_CorrespondingSourceObject: {fileID: 0}
  m_PrefabInstance: {fileID: 0}
  m_PrefabAsset: {fileID: 0}
  m_GameObject: {fileID: 6396780793351230985}
  m_LocalRotation: {x: 0, y: 0, z: 0, w: 1}
  m_LocalPosition: {x: 0, y: 0, z: 0}
  m_LocalScale: {x: 1, y: 1, z: 1}
  m_Children: []
  m_Father: {fileID: 6396780793553525587}
  m_RootOrder: 3
  m_LocalEulerAnglesHint: {x: 0, y: 0, z: 0}
--- !u!82 &6396780793351230999
AudioSource:
  m_ObjectHideFlags: 0
  m_CorrespondingSourceObject: {fileID: 0}
  m_PrefabInstance: {fileID: 0}
  m_PrefabAsset: {fileID: 0}
  m_GameObject: {fileID: 6396780793351230985}
  m_Enabled: 1
  serializedVersion: 4
  OutputAudioMixerGroup: {fileID: 0}
  m_audioClip: {fileID: 8300000, guid: 5c2f044d3c5764e6aab022ebfebe6efb, type: 3}
  m_PlayOnAwake: 0
  m_Volume: 1
  m_Pitch: 1
  Loop: 0
  Mute: 0
  Spatialize: 0
  SpatializePostEffects: 0
  Priority: 128
  DopplerLevel: 1
  MinDistance: 1
  MaxDistance: 500.16
  Pan2D: 0
  rolloffMode: 0
  BypassEffects: 0
  BypassListenerEffects: 0
  BypassReverbZones: 0
  rolloffCustomCurve:
    serializedVersion: 2
    m_Curve:
    - serializedVersion: 3
      time: 0
      value: 1
      inSlope: 0
      outSlope: 0
      tangentMode: 0
      weightedMode: 0
      inWeight: 0.33333334
      outWeight: 0.33333334
    - serializedVersion: 3
      time: 1
      value: 0
      inSlope: 0
      outSlope: 0
      tangentMode: 0
      weightedMode: 0
      inWeight: 0.33333334
      outWeight: 0.33333334
    m_PreInfinity: 2
    m_PostInfinity: 2
    m_RotationOrder: 4
  panLevelCustomCurve:
    serializedVersion: 2
    m_Curve:
    - serializedVersion: 3
      time: 0
      value: 0
      inSlope: 0
      outSlope: 0
      tangentMode: 0
      weightedMode: 0
      inWeight: 0.33333334
      outWeight: 0.33333334
    m_PreInfinity: 2
    m_PostInfinity: 2
    m_RotationOrder: 4
  spreadCustomCurve:
    serializedVersion: 2
    m_Curve:
    - serializedVersion: 3
      time: 0
      value: 0
      inSlope: 0
      outSlope: 0
      tangentMode: 0
      weightedMode: 0
      inWeight: 0.33333334
      outWeight: 0.33333334
    m_PreInfinity: 2
    m_PostInfinity: 2
    m_RotationOrder: 4
  reverbZoneMixCustomCurve:
    serializedVersion: 2
    m_Curve:
    - serializedVersion: 3
      time: 0
      value: 1
      inSlope: 0
      outSlope: 0
      tangentMode: 0
      weightedMode: 0
      inWeight: 0.33333334
      outWeight: 0.33333334
    m_PreInfinity: 2
    m_PostInfinity: 2
    m_RotationOrder: 4
--- !u!1 &6396780793553525588
GameObject:
  m_ObjectHideFlags: 0
  m_CorrespondingSourceObject: {fileID: 0}
  m_PrefabInstance: {fileID: 0}
  m_PrefabAsset: {fileID: 0}
  serializedVersion: 6
  m_Component:
  - component: {fileID: 6396780793553525587}
  - component: {fileID: 6396780793553525586}
  - component: {fileID: 6396780793553525584}
  - component: {fileID: 6396780793553525585}
  m_Layer: 0
  m_Name: Rune1
  m_TagString: Untagged
  m_Icon: {fileID: 0}
  m_NavMeshLayer: 0
  m_StaticEditorFlags: 0
  m_IsActive: 1
--- !u!4 &6396780793553525587
Transform:
  m_ObjectHideFlags: 0
  m_CorrespondingSourceObject: {fileID: 0}
  m_PrefabInstance: {fileID: 0}
  m_PrefabAsset: {fileID: 0}
  m_GameObject: {fileID: 6396780793553525588}
  m_LocalRotation: {x: -0, y: -0, z: -0, w: 1}
  m_LocalPosition: {x: -2.3869152, y: 0, z: 0.057574}
  m_LocalScale: {x: 0.73172, y: 0.73172, z: 0.75152445}
  m_Children:
  - {fileID: 6396780792774179496}
  - {fileID: 6396780792506004517}
  - {fileID: 6396780791918187365}
  - {fileID: 6396780793351230984}
  - {fileID: 1666555367072090940}
  - {fileID: 9009824616428747454}
  - {fileID: 3517493518228158462}
  - {fileID: 6136166039954044277}
  - {fileID: 8545468105981829379}
  m_Father: {fileID: 0}
  m_RootOrder: 0
  m_LocalEulerAnglesHint: {x: 0, y: 0, z: 0}
--- !u!114 &6396780793553525586
MonoBehaviour:
  m_ObjectHideFlags: 0
  m_CorrespondingSourceObject: {fileID: 0}
  m_PrefabInstance: {fileID: 0}
  m_PrefabAsset: {fileID: 0}
  m_GameObject: {fileID: 6396780793553525588}
  m_Enabled: 1
  m_EditorHideFlags: 0
  m_Script: {fileID: 11500000, guid: 60523e0647cc6ab43acc73cb266a32a7, type: 3}
  m_Name: 
  m_EditorClassIdentifier: 
  m_InteractionManager: {fileID: 0}
  m_InteractionLayerMask:
    serializedVersion: 2
    m_Bits: 16384
  m_AttachTransform: {fileID: 6396780792774179496}
  m_StartingSelectedInteractable: {fileID: 0}
  m_OnHoverEnter:
    m_PersistentCalls:
      m_Calls: []
  m_OnHoverExit:
    m_PersistentCalls:
      m_Calls: []
  m_OnSelectEnter:
    m_PersistentCalls:
      m_Calls:
      - m_Target: {fileID: 6396780791918187364}
        m_MethodName: Play
        m_Mode: 1
        m_Arguments:
          m_ObjectArgument: {fileID: 0}
          m_ObjectArgumentAssemblyTypeName: UnityEngine.Object, UnityEngine
          m_IntArgument: 0
          m_FloatArgument: 0
          m_StringArgument: 
          m_BoolArgument: 0
        m_CallState: 2
      - m_Target: {fileID: 6396780793553525585}
        m_MethodName: SocketRune
        m_Mode: 1
        m_Arguments:
          m_ObjectArgument: {fileID: 0}
          m_ObjectArgumentAssemblyTypeName: UnityEngine.Object, UnityEngine
          m_IntArgument: 0
          m_FloatArgument: 0
          m_StringArgument: 
          m_BoolArgument: 0
        m_CallState: 2
      - m_Target: {fileID: 6396780793553525586}
        m_MethodName: set_socketActive
        m_Mode: 6
        m_Arguments:
          m_ObjectArgument: {fileID: 0}
          m_ObjectArgumentAssemblyTypeName: UnityEngine.Object, UnityEngine
          m_IntArgument: 0
          m_FloatArgument: 0
          m_StringArgument: 
          m_BoolArgument: 0
        m_CallState: 2
  m_OnSelectExit:
    m_PersistentCalls:
      m_Calls: []
  m_ShowInteractableHoverMeshes: 1
  m_InteractableHoverMeshMaterial: {fileID: 2100000, guid: a293b93436c4dcb4997596aca8859d16,
    type: 2}
  m_SocketActive: 1
  m_InteractableHoverScale: 15
  m_RecycleDelayTime: 1
--- !u!135 &6396780793553525584
SphereCollider:
  m_ObjectHideFlags: 0
  m_CorrespondingSourceObject: {fileID: 0}
  m_PrefabInstance: {fileID: 0}
  m_PrefabAsset: {fileID: 0}
  m_GameObject: {fileID: 6396780793553525588}
  m_Material: {fileID: 0}
  m_IsTrigger: 1
  m_Enabled: 1
  serializedVersion: 2
  m_Radius: 0.4
  m_Center: {x: 0, y: 1.41, z: 0}
--- !u!114 &6396780793553525585
MonoBehaviour:
  m_ObjectHideFlags: 0
  m_CorrespondingSourceObject: {fileID: 0}
  m_PrefabInstance: {fileID: 0}
  m_PrefabAsset: {fileID: 0}
  m_GameObject: {fileID: 6396780793553525588}
  m_Enabled: 1
  m_EditorHideFlags: 0
  m_Script: {fileID: 11500000, guid: 35044ec9de76f4a46979d77c7b754727, type: 3}
  m_Name: 
  m_EditorClassIdentifier: 
  fxProximity: {fileID: 9009824616428747598}
  fxSocketed: {fileID: 3517493518228158460}
  fxActivate: {fileID: 6136166039954044279}
  fxHologram: {fileID: 8545468105981829377}
  AttachSocket: {fileID: 6396780792774179496}
  AttachHologram: {fileID: 6396780792506004517}
  HologramPrefab: {fileID: 479821491651820969}
  SocketInteractor: {fileID: 6396780793553525586}
  _IsSocketed: 0
  selectedInteractable: {fileID: 0}
--- !u!1001 &6396780792138259123
PrefabInstance:
  m_ObjectHideFlags: 0
  serializedVersion: 2
  m_Modification:
    m_TransformParent: {fileID: 6396780793553525587}
    m_Modifications:
    - target: {fileID: 2723760771187040269, guid: 28b6f74497091634dba7485a6e5615c8,
        type: 3}
      propertyPath: m_LocalPosition.x
      value: -0.011
      objectReference: {fileID: 0}
    - target: {fileID: 2723760771187040269, guid: 28b6f74497091634dba7485a6e5615c8,
        type: 3}
      propertyPath: m_LocalPosition.y
      value: 1.228
      objectReference: {fileID: 0}
    - target: {fileID: 2723760771187040269, guid: 28b6f74497091634dba7485a6e5615c8,
        type: 3}
      propertyPath: m_LocalPosition.z
      value: 0.013
      objectReference: {fileID: 0}
    - target: {fileID: 2723760771187040269, guid: 28b6f74497091634dba7485a6e5615c8,
        type: 3}
      propertyPath: m_LocalRotation.x
      value: -0
      objectReference: {fileID: 0}
    - target: {fileID: 2723760771187040269, guid: 28b6f74497091634dba7485a6e5615c8,
        type: 3}
      propertyPath: m_LocalRotation.y
      value: -0
      objectReference: {fileID: 0}
    - target: {fileID: 2723760771187040269, guid: 28b6f74497091634dba7485a6e5615c8,
        type: 3}
      propertyPath: m_LocalRotation.z
      value: -0
      objectReference: {fileID: 0}
    - target: {fileID: 2723760771187040269, guid: 28b6f74497091634dba7485a6e5615c8,
        type: 3}
      propertyPath: m_LocalRotation.w
      value: 1
      objectReference: {fileID: 0}
    - target: {fileID: 2723760771187040269, guid: 28b6f74497091634dba7485a6e5615c8,
        type: 3}
      propertyPath: m_RootOrder
      value: 5
      objectReference: {fileID: 0}
    - target: {fileID: 2723760771187040269, guid: 28b6f74497091634dba7485a6e5615c8,
        type: 3}
      propertyPath: m_LocalEulerAnglesHint.x
      value: 0
      objectReference: {fileID: 0}
    - target: {fileID: 2723760771187040269, guid: 28b6f74497091634dba7485a6e5615c8,
        type: 3}
      propertyPath: m_LocalEulerAnglesHint.y
      value: 0
      objectReference: {fileID: 0}
    - target: {fileID: 2723760771187040269, guid: 28b6f74497091634dba7485a6e5615c8,
        type: 3}
      propertyPath: m_LocalEulerAnglesHint.z
      value: 0
      objectReference: {fileID: 0}
    - target: {fileID: 2723760771187040754, guid: 28b6f74497091634dba7485a6e5615c8,
        type: 3}
      propertyPath: m_Name
      value: fxProximity
      objectReference: {fileID: 0}
    m_RemovedComponents: []
  m_SourcePrefab: {fileID: 100100000, guid: 28b6f74497091634dba7485a6e5615c8, type: 3}
--- !u!4 &9009824616428747454 stripped
Transform:
  m_CorrespondingSourceObject: {fileID: 2723760771187040269, guid: 28b6f74497091634dba7485a6e5615c8,
    type: 3}
  m_PrefabInstance: {fileID: 6396780792138259123}
  m_PrefabAsset: {fileID: 0}
--- !u!198 &9009824616428747598 stripped
ParticleSystem:
  m_CorrespondingSourceObject: {fileID: 2723760771187040765, guid: 28b6f74497091634dba7485a6e5615c8,
    type: 3}
  m_PrefabInstance: {fileID: 6396780792138259123}
  m_PrefabAsset: {fileID: 0}
--- !u!1001 &6396780792218064224
PrefabInstance:
  m_ObjectHideFlags: 0
  serializedVersion: 2
  m_Modification:
    m_TransformParent: {fileID: 6396780792506004517}
    m_Modifications:
    - target: {fileID: 696842897337798042, guid: 2382c8c32709f244e9564ddadc564224,
        type: 3}
      propertyPath: m_LocalPosition.x
      value: 0
      objectReference: {fileID: 0}
    - target: {fileID: 696842897337798042, guid: 2382c8c32709f244e9564ddadc564224,
        type: 3}
      propertyPath: m_LocalPosition.y
      value: 0.112
      objectReference: {fileID: 0}
    - target: {fileID: 696842897337798042, guid: 2382c8c32709f244e9564ddadc564224,
        type: 3}
      propertyPath: m_LocalPosition.z
      value: 0
      objectReference: {fileID: 0}
    - target: {fileID: 696842897337798042, guid: 2382c8c32709f244e9564ddadc564224,
        type: 3}
      propertyPath: m_LocalRotation.x
      value: -0
      objectReference: {fileID: 0}
    - target: {fileID: 696842897337798042, guid: 2382c8c32709f244e9564ddadc564224,
        type: 3}
      propertyPath: m_LocalRotation.y
      value: -0
      objectReference: {fileID: 0}
    - target: {fileID: 696842897337798042, guid: 2382c8c32709f244e9564ddadc564224,
        type: 3}
      propertyPath: m_LocalRotation.z
      value: -0
      objectReference: {fileID: 0}
    - target: {fileID: 696842897337798042, guid: 2382c8c32709f244e9564ddadc564224,
        type: 3}
      propertyPath: m_LocalRotation.w
      value: 1
      objectReference: {fileID: 0}
    - target: {fileID: 696842897337798042, guid: 2382c8c32709f244e9564ddadc564224,
        type: 3}
      propertyPath: m_RootOrder
      value: 0
      objectReference: {fileID: 0}
    - target: {fileID: 696842897337798042, guid: 2382c8c32709f244e9564ddadc564224,
        type: 3}
      propertyPath: m_LocalEulerAnglesHint.x
      value: 0
      objectReference: {fileID: 0}
    - target: {fileID: 696842897337798042, guid: 2382c8c32709f244e9564ddadc564224,
        type: 3}
      propertyPath: m_LocalEulerAnglesHint.y
      value: 0
      objectReference: {fileID: 0}
    - target: {fileID: 696842897337798042, guid: 2382c8c32709f244e9564ddadc564224,
        type: 3}
      propertyPath: m_LocalEulerAnglesHint.z
      value: 0
      objectReference: {fileID: 0}
    - target: {fileID: 696842897337798042, guid: 2382c8c32709f244e9564ddadc564224,
        type: 3}
      propertyPath: m_LocalScale.y
      value: 0.122833736
      objectReference: {fileID: 0}
    - target: {fileID: 696842897337798042, guid: 2382c8c32709f244e9564ddadc564224,
        type: 3}
      propertyPath: m_LocalScale.x
      value: 0.6
      objectReference: {fileID: 0}
    - target: {fileID: 696842897337798042, guid: 2382c8c32709f244e9564ddadc564224,
        type: 3}
      propertyPath: m_LocalScale.z
      value: 0.6
      objectReference: {fileID: 0}
    - target: {fileID: 6804170648377764041, guid: 2382c8c32709f244e9564ddadc564224,
        type: 3}
      propertyPath: m_Name
      value: HologramAsset
      objectReference: {fileID: 0}
    m_RemovedComponents: []
  m_SourcePrefab: {fileID: 100100000, guid: 2382c8c32709f244e9564ddadc564224, type: 3}
--- !u!1 &479821491651820969 stripped
GameObject:
  m_CorrespondingSourceObject: {fileID: 6804170648377764041, guid: 2382c8c32709f244e9564ddadc564224,
    type: 3}
  m_PrefabInstance: {fileID: 6396780792218064224}
  m_PrefabAsset: {fileID: 0}
--- !u!4 &5867698632951716090 stripped
Transform:
  m_CorrespondingSourceObject: {fileID: 696842897337798042, guid: 2382c8c32709f244e9564ddadc564224,
    type: 3}
  m_PrefabInstance: {fileID: 6396780792218064224}
  m_PrefabAsset: {fileID: 0}
--- !u!1001 &6396780792308636885
PrefabInstance:
  m_ObjectHideFlags: 0
  serializedVersion: 2
  m_Modification:
    m_TransformParent: {fileID: 6396780793553525587}
    m_Modifications:
    - target: {fileID: 7499983813924317995, guid: d26338b79d6a5a5418a7edce8fa714d1,
        type: 3}
      propertyPath: m_LocalPosition.x
      value: -0.011
      objectReference: {fileID: 0}
    - target: {fileID: 7499983813924317995, guid: d26338b79d6a5a5418a7edce8fa714d1,
        type: 3}
      propertyPath: m_LocalPosition.y
      value: 1.228
      objectReference: {fileID: 0}
    - target: {fileID: 7499983813924317995, guid: d26338b79d6a5a5418a7edce8fa714d1,
        type: 3}
      propertyPath: m_LocalPosition.z
      value: 0.013
      objectReference: {fileID: 0}
    - target: {fileID: 7499983813924317995, guid: d26338b79d6a5a5418a7edce8fa714d1,
        type: 3}
      propertyPath: m_LocalRotation.x
      value: -0
      objectReference: {fileID: 0}
    - target: {fileID: 7499983813924317995, guid: d26338b79d6a5a5418a7edce8fa714d1,
        type: 3}
      propertyPath: m_LocalRotation.y
      value: -0
      objectReference: {fileID: 0}
    - target: {fileID: 7499983813924317995, guid: d26338b79d6a5a5418a7edce8fa714d1,
        type: 3}
      propertyPath: m_LocalRotation.z
      value: -0
      objectReference: {fileID: 0}
    - target: {fileID: 7499983813924317995, guid: d26338b79d6a5a5418a7edce8fa714d1,
        type: 3}
      propertyPath: m_LocalRotation.w
      value: 1
      objectReference: {fileID: 0}
    - target: {fileID: 7499983813924317995, guid: d26338b79d6a5a5418a7edce8fa714d1,
        type: 3}
      propertyPath: m_RootOrder
      value: 6
      objectReference: {fileID: 0}
    - target: {fileID: 7499983813924317995, guid: d26338b79d6a5a5418a7edce8fa714d1,
        type: 3}
      propertyPath: m_LocalEulerAnglesHint.x
      value: 0
      objectReference: {fileID: 0}
    - target: {fileID: 7499983813924317995, guid: d26338b79d6a5a5418a7edce8fa714d1,
        type: 3}
      propertyPath: m_LocalEulerAnglesHint.y
      value: 0
      objectReference: {fileID: 0}
    - target: {fileID: 7499983813924317995, guid: d26338b79d6a5a5418a7edce8fa714d1,
        type: 3}
      propertyPath: m_LocalEulerAnglesHint.z
      value: 0
      objectReference: {fileID: 0}
    - target: {fileID: 7499983813924317996, guid: d26338b79d6a5a5418a7edce8fa714d1,
        type: 3}
      propertyPath: m_Name
      value: fxSocketed
      objectReference: {fileID: 0}
    m_RemovedComponents: []
  m_SourcePrefab: {fileID: 100100000, guid: d26338b79d6a5a5418a7edce8fa714d1, type: 3}
--- !u!4 &3517493518228158462 stripped
Transform:
  m_CorrespondingSourceObject: {fileID: 7499983813924317995, guid: d26338b79d6a5a5418a7edce8fa714d1,
    type: 3}
  m_PrefabInstance: {fileID: 6396780792308636885}
  m_PrefabAsset: {fileID: 0}
--- !u!198 &3517493518228158460 stripped
ParticleSystem:
  m_CorrespondingSourceObject: {fileID: 7499983813924317993, guid: d26338b79d6a5a5418a7edce8fa714d1,
    type: 3}
  m_PrefabInstance: {fileID: 6396780792308636885}
  m_PrefabAsset: {fileID: 0}
--- !u!1001 &6396780792997359832
PrefabInstance:
  m_ObjectHideFlags: 0
  serializedVersion: 2
  m_Modification:
    m_TransformParent: {fileID: 6396780793553525587}
    m_Modifications:
    - target: {fileID: 1003709796649567660, guid: b45c1b4e70f5b9849ada4c40e58e08d7,
        type: 3}
      propertyPath: m_Name
      value: fxActivated
      objectReference: {fileID: 0}
    - target: {fileID: 1003709796649567661, guid: b45c1b4e70f5b9849ada4c40e58e08d7,
        type: 3}
      propertyPath: m_LocalPosition.x
      value: -0.011
      objectReference: {fileID: 0}
    - target: {fileID: 1003709796649567661, guid: b45c1b4e70f5b9849ada4c40e58e08d7,
        type: 3}
      propertyPath: m_LocalPosition.y
      value: 1.228
      objectReference: {fileID: 0}
    - target: {fileID: 1003709796649567661, guid: b45c1b4e70f5b9849ada4c40e58e08d7,
        type: 3}
      propertyPath: m_LocalPosition.z
      value: 0.013
      objectReference: {fileID: 0}
    - target: {fileID: 1003709796649567661, guid: b45c1b4e70f5b9849ada4c40e58e08d7,
        type: 3}
      propertyPath: m_LocalRotation.x
      value: -0
      objectReference: {fileID: 0}
    - target: {fileID: 1003709796649567661, guid: b45c1b4e70f5b9849ada4c40e58e08d7,
        type: 3}
      propertyPath: m_LocalRotation.y
      value: -0
      objectReference: {fileID: 0}
    - target: {fileID: 1003709796649567661, guid: b45c1b4e70f5b9849ada4c40e58e08d7,
        type: 3}
      propertyPath: m_LocalRotation.z
      value: -0
      objectReference: {fileID: 0}
    - target: {fileID: 1003709796649567661, guid: b45c1b4e70f5b9849ada4c40e58e08d7,
        type: 3}
      propertyPath: m_LocalRotation.w
      value: 1
      objectReference: {fileID: 0}
    - target: {fileID: 1003709796649567661, guid: b45c1b4e70f5b9849ada4c40e58e08d7,
        type: 3}
      propertyPath: m_RootOrder
      value: 7
      objectReference: {fileID: 0}
    - target: {fileID: 1003709796649567661, guid: b45c1b4e70f5b9849ada4c40e58e08d7,
        type: 3}
      propertyPath: m_LocalEulerAnglesHint.x
      value: 0
      objectReference: {fileID: 0}
    - target: {fileID: 1003709796649567661, guid: b45c1b4e70f5b9849ada4c40e58e08d7,
        type: 3}
      propertyPath: m_LocalEulerAnglesHint.y
      value: 0
      objectReference: {fileID: 0}
    - target: {fileID: 1003709796649567661, guid: b45c1b4e70f5b9849ada4c40e58e08d7,
        type: 3}
      propertyPath: m_LocalEulerAnglesHint.z
      value: 0
      objectReference: {fileID: 0}
    m_RemovedComponents: []
  m_SourcePrefab: {fileID: 100100000, guid: b45c1b4e70f5b9849ada4c40e58e08d7, type: 3}
--- !u!4 &6136166039954044277 stripped
Transform:
  m_CorrespondingSourceObject: {fileID: 1003709796649567661, guid: b45c1b4e70f5b9849ada4c40e58e08d7,
    type: 3}
  m_PrefabInstance: {fileID: 6396780792997359832}
  m_PrefabAsset: {fileID: 0}
--- !u!198 &6136166039954044279 stripped
ParticleSystem:
  m_CorrespondingSourceObject: {fileID: 1003709796649567663, guid: b45c1b4e70f5b9849ada4c40e58e08d7,
    type: 3}
  m_PrefabInstance: {fileID: 6396780792997359832}
  m_PrefabAsset: {fileID: 0}
--- !u!1001 &6396780793057783771
PrefabInstance:
  m_ObjectHideFlags: 0
  serializedVersion: 2
  m_Modification:
    m_TransformParent: {fileID: 6396780793553525587}
    m_Modifications:
    - target: {fileID: 3337861984044060376, guid: f9f204340269c614491b006ed5c2dabf,
        type: 3}
      propertyPath: m_LocalPosition.x
      value: -0.011
      objectReference: {fileID: 0}
    - target: {fileID: 3337861984044060376, guid: f9f204340269c614491b006ed5c2dabf,
        type: 3}
      propertyPath: m_LocalPosition.y
      value: 1.228
      objectReference: {fileID: 0}
    - target: {fileID: 3337861984044060376, guid: f9f204340269c614491b006ed5c2dabf,
        type: 3}
      propertyPath: m_LocalPosition.z
      value: 0.013
      objectReference: {fileID: 0}
    - target: {fileID: 3337861984044060376, guid: f9f204340269c614491b006ed5c2dabf,
        type: 3}
      propertyPath: m_LocalRotation.x
      value: -0
      objectReference: {fileID: 0}
    - target: {fileID: 3337861984044060376, guid: f9f204340269c614491b006ed5c2dabf,
        type: 3}
      propertyPath: m_LocalRotation.y
      value: -0
      objectReference: {fileID: 0}
    - target: {fileID: 3337861984044060376, guid: f9f204340269c614491b006ed5c2dabf,
        type: 3}
      propertyPath: m_LocalRotation.z
      value: -0
      objectReference: {fileID: 0}
    - target: {fileID: 3337861984044060376, guid: f9f204340269c614491b006ed5c2dabf,
        type: 3}
      propertyPath: m_LocalRotation.w
      value: 1
      objectReference: {fileID: 0}
    - target: {fileID: 3337861984044060376, guid: f9f204340269c614491b006ed5c2dabf,
        type: 3}
      propertyPath: m_RootOrder
      value: 8
      objectReference: {fileID: 0}
    - target: {fileID: 3337861984044060376, guid: f9f204340269c614491b006ed5c2dabf,
        type: 3}
      propertyPath: m_LocalEulerAnglesHint.x
      value: 0
      objectReference: {fileID: 0}
    - target: {fileID: 3337861984044060376, guid: f9f204340269c614491b006ed5c2dabf,
        type: 3}
      propertyPath: m_LocalEulerAnglesHint.y
      value: 0
      objectReference: {fileID: 0}
    - target: {fileID: 3337861984044060376, guid: f9f204340269c614491b006ed5c2dabf,
        type: 3}
      propertyPath: m_LocalEulerAnglesHint.z
      value: 0
      objectReference: {fileID: 0}
    - target: {fileID: 3337861984044060383, guid: f9f204340269c614491b006ed5c2dabf,
        type: 3}
      propertyPath: m_Name
      value: fxHologram
      objectReference: {fileID: 0}
    m_RemovedComponents: []
  m_SourcePrefab: {fileID: 100100000, guid: f9f204340269c614491b006ed5c2dabf, type: 3}
--- !u!4 &8545468105981829379 stripped
Transform:
  m_CorrespondingSourceObject: {fileID: 3337861984044060376, guid: f9f204340269c614491b006ed5c2dabf,
    type: 3}
  m_PrefabInstance: {fileID: 6396780793057783771}
  m_PrefabAsset: {fileID: 0}
--- !u!198 &8545468105981829377 stripped
ParticleSystem:
  m_CorrespondingSourceObject: {fileID: 3337861984044060378, guid: f9f204340269c614491b006ed5c2dabf,
    type: 3}
  m_PrefabInstance: {fileID: 6396780793057783771}
  m_PrefabAsset: {fileID: 0}
--- !u!1001 &6396780793484831642
PrefabInstance:
  m_ObjectHideFlags: 0
  serializedVersion: 2
  m_Modification:
    m_TransformParent: {fileID: 6396780793553525587}
    m_Modifications:
    - target: {fileID: 5757048911985254566, guid: 4f4adc0c9824eec4ebf819d0f90bc59d,
        type: 3}
      propertyPath: m_LocalPosition.x
      value: 0
      objectReference: {fileID: 0}
    - target: {fileID: 5757048911985254566, guid: 4f4adc0c9824eec4ebf819d0f90bc59d,
        type: 3}
      propertyPath: m_LocalPosition.y
      value: 0
      objectReference: {fileID: 0}
    - target: {fileID: 5757048911985254566, guid: 4f4adc0c9824eec4ebf819d0f90bc59d,
        type: 3}
      propertyPath: m_LocalPosition.z
      value: 0
      objectReference: {fileID: 0}
    - target: {fileID: 5757048911985254566, guid: 4f4adc0c9824eec4ebf819d0f90bc59d,
        type: 3}
      propertyPath: m_LocalRotation.x
      value: -0
      objectReference: {fileID: 0}
    - target: {fileID: 5757048911985254566, guid: 4f4adc0c9824eec4ebf819d0f90bc59d,
        type: 3}
      propertyPath: m_LocalRotation.y
      value: -0
      objectReference: {fileID: 0}
    - target: {fileID: 5757048911985254566, guid: 4f4adc0c9824eec4ebf819d0f90bc59d,
        type: 3}
      propertyPath: m_LocalRotation.z
      value: -0
      objectReference: {fileID: 0}
    - target: {fileID: 5757048911985254566, guid: 4f4adc0c9824eec4ebf819d0f90bc59d,
        type: 3}
      propertyPath: m_LocalRotation.w
      value: 1
      objectReference: {fileID: 0}
    - target: {fileID: 5757048911985254566, guid: 4f4adc0c9824eec4ebf819d0f90bc59d,
        type: 3}
      propertyPath: m_RootOrder
      value: 4
      objectReference: {fileID: 0}
    - target: {fileID: 5757048911985254566, guid: 4f4adc0c9824eec4ebf819d0f90bc59d,
        type: 3}
      propertyPath: m_LocalEulerAnglesHint.x
      value: 0
      objectReference: {fileID: 0}
    - target: {fileID: 5757048911985254566, guid: 4f4adc0c9824eec4ebf819d0f90bc59d,
        type: 3}
      propertyPath: m_LocalEulerAnglesHint.y
      value: 0
      objectReference: {fileID: 0}
    - target: {fileID: 5757048911985254566, guid: 4f4adc0c9824eec4ebf819d0f90bc59d,
        type: 3}
      propertyPath: m_LocalEulerAnglesHint.z
      value: 0
      objectReference: {fileID: 0}
    - target: {fileID: 5757048911985254566, guid: 4f4adc0c9824eec4ebf819d0f90bc59d,
        type: 3}
      propertyPath: m_LocalScale.x
      value: 1
      objectReference: {fileID: 0}
    - target: {fileID: 5757048911985254566, guid: 4f4adc0c9824eec4ebf819d0f90bc59d,
        type: 3}
      propertyPath: m_LocalScale.z
      value: 1
      objectReference: {fileID: 0}
    - target: {fileID: 5757048911985254566, guid: 4f4adc0c9824eec4ebf819d0f90bc59d,
        type: 3}
      propertyPath: m_LocalScale.y
      value: 1
      objectReference: {fileID: 0}
    - target: {fileID: 8772586165144965813, guid: 4f4adc0c9824eec4ebf819d0f90bc59d,
        type: 3}
      propertyPath: m_Name
      value: RuneRock_01
      objectReference: {fileID: 0}
    m_RemovedComponents: []
  m_SourcePrefab: {fileID: 100100000, guid: 4f4adc0c9824eec4ebf819d0f90bc59d, type: 3}
--- !u!4 &1666555367072090940 stripped
Transform:
  m_CorrespondingSourceObject: {fileID: 5757048911985254566, guid: 4f4adc0c9824eec4ebf819d0f90bc59d,
    type: 3}
  m_PrefabInstance: {fileID: 6396780793484831642}
  m_PrefabAsset: {fileID: 0}
