%YAML 1.1
%TAG !u! tag:unity3d.com,2011:
--- !u!1 &3555706858664883667
GameObject:
  m_ObjectHideFlags: 0
  m_CorrespondingSourceObject: {fileID: 0}
  m_PrefabInstance: {fileID: 0}
  m_PrefabAsset: {fileID: 0}
  serializedVersion: 6
  m_Component:
  - component: {fileID: 3555706858664883664}
  m_Layer: 0
  m_Name: Transform
  m_TagString: Untagged
  m_Icon: {fileID: 0}
  m_NavMeshLayer: 0
  m_StaticEditorFlags: 0
  m_IsActive: 1
--- !u!4 &3555706858664883664
Transform:
  m_ObjectHideFlags: 0
  m_CorrespondingSourceObject: {fileID: 0}
  m_PrefabInstance: {fileID: 0}
  m_PrefabAsset: {fileID: 0}
  m_GameObject: {fileID: 3555706858664883667}
  m_LocalRotation: {x: -0.08386918, y: 0.04884329, z: -0.55412924, w: 0.8267533}
  m_LocalPosition: {x: 0, y: 0, z: 0}
  m_LocalScale: {x: 1, y: 1, z: 1}
  m_Children: []
  m_Father: {fileID: 3555706860512154117}
  m_RootOrder: 0
  m_LocalEulerAnglesHint: {x: -4.85, y: 10.04, z: -68.09}
--- !u!1 &3555706858760803547
GameObject:
  m_ObjectHideFlags: 0
  m_CorrespondingSourceObject: {fileID: 0}
  m_PrefabInstance: {fileID: 0}
  m_PrefabAsset: {fileID: 0}
  serializedVersion: 6
  m_Component:
  - component: {fileID: 3555706858760803544}
  m_Layer: 0
  m_Name: CompassTransform
  m_TagString: Untagged
  m_Icon: {fileID: 0}
  m_NavMeshLayer: 0
  m_StaticEditorFlags: 0
  m_IsActive: 1
--- !u!4 &3555706858760803544
Transform:
  m_ObjectHideFlags: 0
  m_CorrespondingSourceObject: {fileID: 0}
  m_PrefabInstance: {fileID: 0}
  m_PrefabAsset: {fileID: 0}
  m_GameObject: {fileID: 3555706858760803547}
  m_LocalRotation: {x: -0.047941685, y: 0.102080315, z: -0.5583869, w: 0.8218791}
  m_LocalPosition: {x: 0.0806, y: 0.0149, z: -0.1013}
  m_LocalScale: {x: 1, y: 1, z: 1}
  m_Children: []
  m_Father: {fileID: 3555706860512154117}
  m_RootOrder: 1
  m_LocalEulerAnglesHint: {x: 2.017, y: 12.796, z: -68.158}
--- !u!1 &3555706858767599891
GameObject:
  m_ObjectHideFlags: 0
  m_CorrespondingSourceObject: {fileID: 0}
  m_PrefabInstance: {fileID: 0}
  m_PrefabAsset: {fileID: 0}
  serializedVersion: 6
  m_Component:
  - component: {fileID: 3555706858767599888}
  m_Layer: 0
  m_Name: Camera Offset
  m_TagString: Untagged
  m_Icon: {fileID: 0}
  m_NavMeshLayer: 0
  m_StaticEditorFlags: 0
  m_IsActive: 1
--- !u!4 &3555706858767599888
Transform:
  m_ObjectHideFlags: 0
  m_CorrespondingSourceObject: {fileID: 0}
  m_PrefabInstance: {fileID: 0}
  m_PrefabAsset: {fileID: 0}
  m_GameObject: {fileID: 3555706858767599891}
  m_LocalRotation: {x: -0, y: -0, z: -0, w: 1}
  m_LocalPosition: {x: 0, y: 0, z: 0}
  m_LocalScale: {x: 1, y: 1, z: 1}
  m_Children:
  - {fileID: 3555706859000480037}
  - {fileID: 3555706860321879072}
  - {fileID: 3555706859439663755}
  - {fileID: 3555706860512154117}
  m_Father: {fileID: 3555706858988164849}
  m_RootOrder: 0
  m_LocalEulerAnglesHint: {x: 0, y: 0, z: 0}
--- !u!1 &3555706858988164860
GameObject:
  m_ObjectHideFlags: 0
  m_CorrespondingSourceObject: {fileID: 0}
  m_PrefabInstance: {fileID: 0}
  m_PrefabAsset: {fileID: 0}
  serializedVersion: 6
  m_Component:
  - component: {fileID: 3555706858988164849}
  - component: {fileID: 3555706858988164848}
  - component: {fileID: 3555706858988164851}
  - component: {fileID: 3555706858988164850}
  - component: {fileID: 3555706858988164854}
  - component: {fileID: 3555706858988164855}
  - component: {fileID: 3555706858988164853}
  m_Layer: 0
  m_Name: Player
  m_TagString: Untagged
  m_Icon: {fileID: 0}
  m_NavMeshLayer: 0
  m_StaticEditorFlags: 0
  m_IsActive: 1
--- !u!4 &3555706858988164849
Transform:
  m_ObjectHideFlags: 0
  m_CorrespondingSourceObject: {fileID: 0}
  m_PrefabInstance: {fileID: 0}
  m_PrefabAsset: {fileID: 0}
  m_GameObject: {fileID: 3555706858988164860}
  m_LocalRotation: {x: -0, y: -0, z: -0, w: 1}
  m_LocalPosition: {x: 74.22, y: 3.82, z: 150.88}
  m_LocalScale: {x: 1, y: 1, z: 1}
  m_Children:
  - {fileID: 3555706858767599888}
  m_Father: {fileID: 0}
  m_RootOrder: 0
  m_LocalEulerAnglesHint: {x: 0, y: 0, z: 0}
--- !u!114 &3555706858988164848
MonoBehaviour:
  m_ObjectHideFlags: 0
  m_CorrespondingSourceObject: {fileID: 0}
  m_PrefabInstance: {fileID: 0}
  m_PrefabAsset: {fileID: 0}
  m_GameObject: {fileID: 3555706858988164860}
  m_Enabled: 1
  m_EditorHideFlags: 0
  m_Script: {fileID: 11500000, guid: 7448815bd5148434682b3d931066cd10, type: 3}
  m_Name: 
  m_EditorClassIdentifier: 
  m_RigBaseGameObject: {fileID: 3555706858988164860}
  m_CameraFloorOffsetObject: {fileID: 3555706858767599891}
  m_CameraGameObject: {fileID: 3555706859000480038}
  m_TrackingOriginMode: 2
  m_TrackingSpace: 3
  m_CameraYOffset: 1.36144
--- !u!114 &3555706858988164851
MonoBehaviour:
  m_ObjectHideFlags: 0
  m_CorrespondingSourceObject: {fileID: 0}
  m_PrefabInstance: {fileID: 0}
  m_PrefabAsset: {fileID: 0}
  m_GameObject: {fileID: 3555706858988164860}
  m_Enabled: 1
  m_EditorHideFlags: 0
  m_Script: {fileID: 11500000, guid: 03a5df2202a8b96488c744be3bd0c33e, type: 3}
  m_Name: 
  m_EditorClassIdentifier: 
  m_Timeout: 10
  m_XRRig: {fileID: 3555706858988164848}
--- !u!114 &3555706858988164850
MonoBehaviour:
  m_ObjectHideFlags: 0
  m_CorrespondingSourceObject: {fileID: 0}
  m_PrefabInstance: {fileID: 0}
  m_PrefabAsset: {fileID: 0}
  m_GameObject: {fileID: 3555706858988164860}
  m_Enabled: 1
  m_EditorHideFlags: 0
  m_Script: {fileID: 11500000, guid: dc4f2c0214c9b494fa7eb5b8b2c02885, type: 3}
  m_Name: 
  m_EditorClassIdentifier: 
  m_System: {fileID: 3555706858988164851}
  m_TurnUsage: 0
  m_Controllers: []
  m_TurnAmount: 45
  m_DebounceTime: 0.5
  m_DeadZone: 0.75
--- !u!143 &3555706858988164854
CharacterController:
  m_ObjectHideFlags: 0
  m_CorrespondingSourceObject: {fileID: 0}
  m_PrefabInstance: {fileID: 0}
  m_PrefabAsset: {fileID: 0}
  m_GameObject: {fileID: 3555706858988164860}
  m_Material: {fileID: 0}
  m_IsTrigger: 0
  m_Enabled: 1
  serializedVersion: 2
  m_Height: 2
  m_Radius: 0.25
  m_SlopeLimit: 45
  m_StepOffset: 0.3
  m_SkinWidth: 0.08
  m_MinMoveDistance: 0.001
  m_Center: {x: 0, y: 1, z: 0}
--- !u!114 &3555706858988164855
MonoBehaviour:
  m_ObjectHideFlags: 0
  m_CorrespondingSourceObject: {fileID: 0}
  m_PrefabInstance: {fileID: 0}
  m_PrefabAsset: {fileID: 0}
  m_GameObject: {fileID: 3555706858988164860}
  m_Enabled: 1
  m_EditorHideFlags: 0
  m_Script: {fileID: 11500000, guid: 243b0c1e4adee234c8f2f4c930d14320, type: 3}
  m_Name: 
  m_EditorClassIdentifier: 
  m_System: {fileID: 3555706858988164851}
  speed: 4
  gravityMultiplier: 9
  controllers:
  - {fileID: 3555706860321879076}
--- !u!82 &3555706858988164853
AudioSource:
  m_ObjectHideFlags: 0
  m_CorrespondingSourceObject: {fileID: 0}
  m_PrefabInstance: {fileID: 0}
  m_PrefabAsset: {fileID: 0}
  m_GameObject: {fileID: 3555706858988164860}
  m_Enabled: 1
  serializedVersion: 4
  OutputAudioMixerGroup: {fileID: 0}
  m_audioClip: {fileID: 8300000, guid: ca963dd98e1be450ab5b42d12920ec3d, type: 3}
  m_PlayOnAwake: 0
  m_Volume: 1
  m_Pitch: 1
  Loop: 0
  Mute: 0
  Spatialize: 0
  SpatializePostEffects: 0
  Priority: 128
  DopplerLevel: 1
  MinDistance: 1
  MaxDistance: 500
  Pan2D: 0
  rolloffMode: 0
  BypassEffects: 0
  BypassListenerEffects: 0
  BypassReverbZones: 0
  rolloffCustomCurve:
    serializedVersion: 2
    m_Curve:
    - serializedVersion: 3
      time: 0
      value: 1
      inSlope: 0
      outSlope: 0
      tangentMode: 0
      weightedMode: 0
      inWeight: 0.33333334
      outWeight: 0.33333334
    - serializedVersion: 3
      time: 1
      value: 0
      inSlope: 0
      outSlope: 0
      tangentMode: 0
      weightedMode: 0
      inWeight: 0.33333334
      outWeight: 0.33333334
    m_PreInfinity: 2
    m_PostInfinity: 2
    m_RotationOrder: 4
  panLevelCustomCurve:
    serializedVersion: 2
    m_Curve:
    - serializedVersion: 3
      time: 0
      value: 0
      inSlope: 0
      outSlope: 0
      tangentMode: 0
      weightedMode: 0
      inWeight: 0.33333334
      outWeight: 0.33333334
    m_PreInfinity: 2
    m_PostInfinity: 2
    m_RotationOrder: 4
  spreadCustomCurve:
    serializedVersion: 2
    m_Curve:
    - serializedVersion: 3
      time: 0
      value: 0
      inSlope: 0
      outSlope: 0
      tangentMode: 0
      weightedMode: 0
      inWeight: 0.33333334
      outWeight: 0.33333334
    m_PreInfinity: 2
    m_PostInfinity: 2
    m_RotationOrder: 4
  reverbZoneMixCustomCurve:
    serializedVersion: 2
    m_Curve:
    - serializedVersion: 3
      time: 0
      value: 1
      inSlope: 0
      outSlope: 0
      tangentMode: 0
      weightedMode: 0
      inWeight: 0.33333334
      outWeight: 0.33333334
    m_PreInfinity: 2
    m_PostInfinity: 2
    m_RotationOrder: 4
--- !u!1 &3555706859000480038
GameObject:
  m_ObjectHideFlags: 0
  m_CorrespondingSourceObject: {fileID: 0}
  m_PrefabInstance: {fileID: 0}
  m_PrefabAsset: {fileID: 0}
  serializedVersion: 6
  m_Component:
  - component: {fileID: 3555706859000480037}
  - component: {fileID: 3555706859000480036}
  - component: {fileID: 3555706859000480039}
  - component: {fileID: 3555706859000480026}
  - component: {fileID: 3555706859000479963}
  m_Layer: 0
  m_Name: Main Camera
  m_TagString: MainCamera
  m_Icon: {fileID: 0}
  m_NavMeshLayer: 0
  m_StaticEditorFlags: 0
  m_IsActive: 1
--- !u!4 &3555706859000480037
Transform:
  m_ObjectHideFlags: 0
  m_CorrespondingSourceObject: {fileID: 0}
  m_PrefabInstance: {fileID: 0}
  m_PrefabAsset: {fileID: 0}
  m_GameObject: {fileID: 3555706859000480038}
  m_LocalRotation: {x: 0, y: 0, z: 0, w: 1}
  m_LocalPosition: {x: 0, y: 0, z: 0}
  m_LocalScale: {x: 1, y: 1, z: 1}
  m_Children: []
  m_Father: {fileID: 3555706858767599888}
  m_RootOrder: 0
  m_LocalEulerAnglesHint: {x: 0, y: 0, z: 0}
--- !u!20 &3555706859000480036
Camera:
  m_ObjectHideFlags: 0
  m_CorrespondingSourceObject: {fileID: 0}
  m_PrefabInstance: {fileID: 0}
  m_PrefabAsset: {fileID: 0}
  m_GameObject: {fileID: 3555706859000480038}
  m_Enabled: 1
  serializedVersion: 2
  m_ClearFlags: 1
  m_BackGroundColor: {r: 0.19215687, g: 0.3019608, b: 0.4745098, a: 0}
  m_projectionMatrixMode: 1
  m_GateFitMode: 2
  m_FOVAxisMode: 0
  m_SensorSize: {x: 36, y: 24}
  m_LensShift: {x: 0, y: 0}
  m_FocalLength: 50
  m_NormalizedViewPortRect:
    serializedVersion: 2
    x: 0
    y: 0
    width: 1
    height: 1
  near clip plane: 0.1
  far clip plane: 1000
  field of view: 60
  orthographic: 0
  orthographic size: 5
  m_Depth: 0
  m_CullingMask:
    serializedVersion: 2
    m_Bits: 4294967295
  m_RenderingPath: -1
  m_TargetTexture: {fileID: 0}
  m_TargetDisplay: 0
  m_TargetEye: 3
  m_HDR: 1
  m_AllowMSAA: 1
  m_AllowDynamicResolution: 0
  m_ForceIntoRT: 0
  m_OcclusionCulling: 1
  m_StereoConvergence: 10
  m_StereoSeparation: 0.022
--- !u!114 &3555706859000480039
MonoBehaviour:
  m_ObjectHideFlags: 0
  m_CorrespondingSourceObject: {fileID: 0}
  m_PrefabInstance: {fileID: 0}
  m_PrefabAsset: {fileID: 0}
  m_GameObject: {fileID: 3555706859000480038}
  m_Enabled: 1
  m_EditorHideFlags: 0
  m_Script: {fileID: 11500000, guid: 5a2a9c34df4095f47b9ca8f975175f5b, type: 3}
  m_Name: 
  m_EditorClassIdentifier: 
  m_Device: 0
  m_PoseSource: 2
  m_PoseProviderComponent: {fileID: 0}
  m_TrackingType: 0
  m_UpdateType: 0
  m_UseRelativeTransform: 0
--- !u!114 &3555706859000480026
MonoBehaviour:
  m_ObjectHideFlags: 0
  m_CorrespondingSourceObject: {fileID: 0}
  m_PrefabInstance: {fileID: 0}
  m_PrefabAsset: {fileID: 0}
  m_GameObject: {fileID: 3555706859000480038}
  m_Enabled: 1
  m_EditorHideFlags: 0
  m_Script: {fileID: 11500000, guid: a79441f348de89743a2939f4d699eac1, type: 3}
  m_Name: 
  m_EditorClassIdentifier: 
  m_RenderShadows: 1
  m_RequiresDepthTextureOption: 2
  m_RequiresOpaqueTextureOption: 2
  m_CameraType: 0
  m_Cameras: []
  m_RendererIndex: -1
  m_VolumeLayerMask:
    serializedVersion: 2
    m_Bits: 1
  m_VolumeTrigger: {fileID: 0}
  m_RenderPostProcessing: 0
  m_Antialiasing: 0
  m_AntialiasingQuality: 2
  m_StopNaN: 0
  m_Dithering: 0
  m_ClearDepth: 1
  m_RequiresDepthTexture: 0
  m_RequiresColorTexture: 0
  m_Version: 2
--- !u!81 &3555706859000479963
AudioListener:
  m_ObjectHideFlags: 0
  m_CorrespondingSourceObject: {fileID: 0}
  m_PrefabInstance: {fileID: 0}
  m_PrefabAsset: {fileID: 0}
  m_GameObject: {fileID: 3555706859000480038}
  m_Enabled: 1
--- !u!1 &3555706859439663754
GameObject:
  m_ObjectHideFlags: 0
  m_CorrespondingSourceObject: {fileID: 0}
  m_PrefabInstance: {fileID: 0}
  m_PrefabAsset: {fileID: 0}
  serializedVersion: 6
  m_Component:
  - component: {fileID: 3555706859439663755}
  - component: {fileID: 3555706859439663759}
  - component: {fileID: 3555706859439663758}
  - component: {fileID: 3555706859439663753}
  - component: {fileID: 3555706859439663752}
  m_Layer: 0
  m_Name: RightHand Controller
  m_TagString: Untagged
  m_Icon: {fileID: 0}
  m_NavMeshLayer: 0
  m_StaticEditorFlags: 0
  m_IsActive: 1
--- !u!4 &3555706859439663755
Transform:
  m_ObjectHideFlags: 0
  m_CorrespondingSourceObject: {fileID: 0}
  m_PrefabInstance: {fileID: 0}
  m_PrefabAsset: {fileID: 0}
  m_GameObject: {fileID: 3555706859439663754}
  m_LocalRotation: {x: -0, y: -0, z: -0, w: 1}
  m_LocalPosition: {x: 0, y: 0, z: 0}
  m_LocalScale: {x: 1, y: 1, z: 1}
  m_Children: []
  m_Father: {fileID: 3555706858767599888}
  m_RootOrder: 2
  m_LocalEulerAnglesHint: {x: 0, y: 0, z: 0}
--- !u!114 &3555706859439663759
MonoBehaviour:
  m_ObjectHideFlags: 0
  m_CorrespondingSourceObject: {fileID: 0}
  m_PrefabInstance: {fileID: 0}
  m_PrefabAsset: {fileID: 0}
  m_GameObject: {fileID: 3555706859439663754}
  m_Enabled: 1
  m_EditorHideFlags: 0
  m_Script: {fileID: 11500000, guid: 1ae26e19cd956134bbdf3c6f65bf393a, type: 3}
  m_Name: 
  m_EditorClassIdentifier: 
  m_UpdateTrackingType: 0
  m_EnableInputActions: 1
  m_PoseProvider: {fileID: 0}
  m_ControllerNode: 5
  m_SelectUsage: 3
  m_ActivateUsage: 2
  m_UIPressUsage: 2
  m_AxisToPressThreshold: 0.1
  m_ModelPrefab: {fileID: 0}
  m_ModelTransform: {fileID: 0}
  m_AnimateModel: 0
  m_ModelSelectTransition: 
  m_ModelDeSelectTransition: 
--- !u!114 &3555706859439663758
MonoBehaviour:
  m_ObjectHideFlags: 0
  m_CorrespondingSourceObject: {fileID: 0}
  m_PrefabInstance: {fileID: 0}
  m_PrefabAsset: {fileID: 0}
  m_GameObject: {fileID: 3555706859439663754}
  m_Enabled: 1
  m_EditorHideFlags: 0
  m_Script: {fileID: 11500000, guid: 6803edce0201f574f923fd9d10e5b30a, type: 3}
  m_Name: 
  m_EditorClassIdentifier: 
  m_InteractionManager: {fileID: 0}
  m_InteractionLayerMask:
    serializedVersion: 2
    m_Bits: 4294967295
  m_AttachTransform: {fileID: 0}
  m_StartingSelectedInteractable: {fileID: 0}
  m_OnHoverEnter:
    m_PersistentCalls:
      m_Calls: []
  m_OnHoverExit:
    m_PersistentCalls:
      m_Calls: []
  m_OnSelectEnter:
    m_PersistentCalls:
      m_Calls: []
  m_OnSelectExit:
    m_PersistentCalls:
      m_Calls: []
  m_SelectActionTrigger: 1
  m_HideControllerOnSelect: 0
  m_PlayAudioClipOnSelectEnter: 0
  m_AudioClipForOnSelectEnter: {fileID: 0}
  m_PlayAudioClipOnSelectExit: 0
  m_AudioClipForOnSelectExit: {fileID: 0}
  m_PlayAudioClipOnHoverEnter: 0
  m_AudioClipForOnHoverEnter: {fileID: 0}
  m_PlayAudioClipOnHoverExit: 0
  m_AudioClipForOnHoverExit: {fileID: 0}
  m_PlayHapticsOnSelectEnter: 0
  m_HapticSelectEnterIntensity: 0
  m_HapticSelectEnterDuration: 0
  m_PlayHapticsOnSelectExit: 0
  m_HapticSelectExitIntensity: 0
  m_HapticSelectExitDuration: 0
  m_PlayHapticsOnHoverEnter: 0
  m_HapticHoverEnterIntensity: 0
  m_HapticHoverEnterDuration: 0
  m_PlayHapticsOnHoverExit: 0
  m_HapticHoverExitIntensity: 0
  m_HapticHoverExitDuration: 0
  m_LineType: 0
  m_MaxRaycastDistance: 3
  m_ReferenceFrame: {fileID: 0}
  m_Velocity: 16
  m_Acceleration: 9.8
  m_AdditionalFlightTime: 0.5
  m_EndPointDistance: 30
  m_EndPointHeight: -10
  m_ControlPointDistance: 10
  m_ControlPointHeight: 5
  m_SampleFrequency: 20
  m_HitDetectionType: 0
  m_SphereCastRadius: 0
  m_RaycastMask:
    serializedVersion: 2
    m_Bits: 4294967295
  m_RaycastTriggerInteraction: 1
  m_HoverToSelect: 0
  m_HoverTimeToSelect: 0.5
  m_EnableUIInteraction: 1
--- !u!120 &3555706859439663753
LineRenderer:
  m_ObjectHideFlags: 0
  m_CorrespondingSourceObject: {fileID: 0}
  m_PrefabInstance: {fileID: 0}
  m_PrefabAsset: {fileID: 0}
  m_GameObject: {fileID: 3555706859439663754}
  m_Enabled: 1
  m_CastShadows: 0
  m_ReceiveShadows: 0
  m_DynamicOccludee: 1
  m_MotionVectors: 0
  m_LightProbeUsage: 0
  m_ReflectionProbeUsage: 0
  m_RayTracingMode: 0
  m_RayTraceProcedural: 0
  m_RenderingLayerMask: 1
  m_RendererPriority: 0
  m_Materials:
  - {fileID: 10306, guid: 0000000000000000f000000000000000, type: 0}
  m_StaticBatchInfo:
    firstSubMesh: 0
    subMeshCount: 0
  m_StaticBatchRoot: {fileID: 0}
  m_ProbeAnchor: {fileID: 0}
  m_LightProbeVolumeOverride: {fileID: 0}
  m_ScaleInLightmap: 1
  m_ReceiveGI: 1
  m_PreserveUVs: 0
  m_IgnoreNormalsForChartDetection: 0
  m_ImportantGI: 0
  m_StitchLightmapSeams: 1
  m_SelectedEditorRenderState: 3
  m_MinimumChartSize: 4
  m_AutoUVMaxDistance: 0.5
  m_AutoUVMaxAngle: 89
  m_LightmapParameters: {fileID: 0}
  m_SortingLayerID: 0
  m_SortingLayer: 0
  m_SortingOrder: 5
  m_Positions: []
  m_Parameters:
    serializedVersion: 3
    widthMultiplier: 0.02
    widthCurve:
      serializedVersion: 2
      m_Curve:
      - serializedVersion: 3
        time: 0
        value: 1
        inSlope: 0
        outSlope: 0
        tangentMode: 0
        weightedMode: 0
        inWeight: 0
        outWeight: 0
      - serializedVersion: 3
        time: 1
        value: 1
        inSlope: 0
        outSlope: 0
        tangentMode: 0
        weightedMode: 0
        inWeight: 0
        outWeight: 0
      m_PreInfinity: 2
      m_PostInfinity: 2
      m_RotationOrder: 4
    colorGradient:
      serializedVersion: 2
      key0: {r: 0, g: 0, b: 1, a: 1}
      key1: {r: 0, g: 0, b: 1, a: 1}
      key2: {r: 0, g: 0, b: 0, a: 0}
      key3: {r: 0, g: 0, b: 0, a: 0}
      key4: {r: 0, g: 0, b: 0, a: 0}
      key5: {r: 0, g: 0, b: 0, a: 0}
      key6: {r: 0, g: 0, b: 0, a: 0}
      key7: {r: 0, g: 0, b: 0, a: 0}
      ctime0: 0
      ctime1: 65535
      ctime2: 0
      ctime3: 0
      ctime4: 0
      ctime5: 0
      ctime6: 0
      ctime7: 0
      atime0: 0
      atime1: 65535
      atime2: 0
      atime3: 0
      atime4: 0
      atime5: 0
      atime6: 0
      atime7: 0
      m_Mode: 0
      m_NumColorKeys: 2
      m_NumAlphaKeys: 2
    numCornerVertices: 4
    numCapVertices: 4
    alignment: 0
    textureMode: 0
    shadowBias: 0.5
    generateLightingData: 0
  m_UseWorldSpace: 1
  m_Loop: 0
--- !u!114 &3555706859439663752
MonoBehaviour:
  m_ObjectHideFlags: 0
  m_CorrespondingSourceObject: {fileID: 0}
  m_PrefabInstance: {fileID: 0}
  m_PrefabAsset: {fileID: 0}
  m_GameObject: {fileID: 3555706859439663754}
  m_Enabled: 1
  m_EditorHideFlags: 0
  m_Script: {fileID: 11500000, guid: e988983f96fe1dd48800bcdfc82f23e9, type: 3}
  m_Name: 
  m_EditorClassIdentifier: 
  m_LineWidth: 0.02
  m_OverrideInteractorLineLength: 1
  m_LineLength: 10
  m_WidthCurve:
    serializedVersion: 2
    m_Curve:
    - serializedVersion: 3
      time: 0
      value: 1
      inSlope: 0
      outSlope: 0
      tangentMode: 0
      weightedMode: 0
      inWeight: 0
      outWeight: 0
    - serializedVersion: 3
      time: 1
      value: 1
      inSlope: 0
      outSlope: 0
      tangentMode: 0
      weightedMode: 0
      inWeight: 0
      outWeight: 0
    m_PreInfinity: 2
    m_PostInfinity: 2
    m_RotationOrder: 4
  m_ValidColorGradient:
    serializedVersion: 2
    key0: {r: 1, g: 1, b: 1, a: 1}
    key1: {r: 1, g: 1, b: 1, a: 1}
    key2: {r: 0, g: 0, b: 0, a: 0}
    key3: {r: 0, g: 0, b: 0, a: 0}
    key4: {r: 0, g: 0, b: 0, a: 0}
    key5: {r: 0, g: 0, b: 0, a: 0}
    key6: {r: 0, g: 0, b: 0, a: 0}
    key7: {r: 0, g: 0, b: 0, a: 0}
    ctime0: 0
    ctime1: 65535
    ctime2: 0
    ctime3: 0
    ctime4: 0
    ctime5: 0
    ctime6: 0
    ctime7: 0
    atime0: 0
    atime1: 65535
    atime2: 0
    atime3: 0
    atime4: 0
    atime5: 0
    atime6: 0
    atime7: 0
    m_Mode: 0
    m_NumColorKeys: 2
    m_NumAlphaKeys: 2
  m_InvalidColorGradient:
    serializedVersion: 2
    key0: {r: 1, g: 0, b: 0, a: 1}
    key1: {r: 1, g: 0, b: 0, a: 1}
    key2: {r: 0, g: 0, b: 0, a: 0}
    key3: {r: 0, g: 0, b: 0, a: 0}
    key4: {r: 0, g: 0, b: 0, a: 0}
    key5: {r: 0, g: 0, b: 0, a: 0}
    key6: {r: 0, g: 0, b: 0, a: 0}
    key7: {r: 0, g: 0, b: 0, a: 0}
    ctime0: 0
    ctime1: 65535
    ctime2: 0
    ctime3: 0
    ctime4: 0
    ctime5: 0
    ctime6: 0
    ctime7: 0
    atime0: 0
    atime1: 65535
    atime2: 0
    atime3: 0
    atime4: 0
    atime5: 0
    atime6: 0
    atime7: 0
    m_Mode: 0
    m_NumColorKeys: 2
    m_NumAlphaKeys: 2
  m_SmoothMovement: 0
  m_FollowTightness: 10
  m_SnapThresholdDistance: 10
  m_Reticle: {fileID: 0}
  m_StopLineAtFirstRaycastHit: 1
--- !u!1 &3555706860321879075
GameObject:
  m_ObjectHideFlags: 0
  m_CorrespondingSourceObject: {fileID: 0}
  m_PrefabInstance: {fileID: 0}
  m_PrefabAsset: {fileID: 0}
  serializedVersion: 6
  m_Component:
  - component: {fileID: 3555706860321879072}
  - component: {fileID: 3555706860321879076}
  - component: {fileID: 3555706860321879079}
  - component: {fileID: 3555706860321879078}
  - component: {fileID: 3555706860321879073}
  m_Layer: 0
  m_Name: LeftHand Controller
  m_TagString: Untagged
  m_Icon: {fileID: 0}
  m_NavMeshLayer: 0
  m_StaticEditorFlags: 0
  m_IsActive: 1
--- !u!4 &3555706860321879072
Transform:
  m_ObjectHideFlags: 0
  m_CorrespondingSourceObject: {fileID: 0}
  m_PrefabInstance: {fileID: 0}
  m_PrefabAsset: {fileID: 0}
  m_GameObject: {fileID: 3555706860321879075}
  m_LocalRotation: {x: -0, y: -0, z: -0, w: 1}
  m_LocalPosition: {x: 0, y: 0, z: 0}
  m_LocalScale: {x: 1, y: 1, z: 1}
  m_Children: []
  m_Father: {fileID: 3555706858767599888}
  m_RootOrder: 1
  m_LocalEulerAnglesHint: {x: 0, y: 0, z: 0}
--- !u!114 &3555706860321879076
MonoBehaviour:
  m_ObjectHideFlags: 0
  m_CorrespondingSourceObject: {fileID: 0}
  m_PrefabInstance: {fileID: 0}
  m_PrefabAsset: {fileID: 0}
  m_GameObject: {fileID: 3555706860321879075}
  m_Enabled: 1
  m_EditorHideFlags: 0
  m_Script: {fileID: 11500000, guid: 1ae26e19cd956134bbdf3c6f65bf393a, type: 3}
  m_Name: 
  m_EditorClassIdentifier: 
  m_UpdateTrackingType: 0
  m_EnableInputActions: 1
  m_PoseProvider: {fileID: 0}
  m_ControllerNode: 4
  m_SelectUsage: 0
  m_ActivateUsage: 2
  m_UIPressUsage: 2
  m_AxisToPressThreshold: 0.1
  m_ModelPrefab: {fileID: 0}
  m_ModelTransform: {fileID: 0}
  m_AnimateModel: 0
  m_ModelSelectTransition: 
  m_ModelDeSelectTransition: 
--- !u!114 &3555706860321879079
MonoBehaviour:
  m_ObjectHideFlags: 0
  m_CorrespondingSourceObject: {fileID: 0}
  m_PrefabInstance: {fileID: 0}
  m_PrefabAsset: {fileID: 0}
  m_GameObject: {fileID: 3555706860321879075}
  m_Enabled: 1
  m_EditorHideFlags: 0
  m_Script: {fileID: 11500000, guid: 6803edce0201f574f923fd9d10e5b30a, type: 3}
  m_Name: 
  m_EditorClassIdentifier: 
  m_InteractionManager: {fileID: 0}
  m_InteractionLayerMask:
    serializedVersion: 2
    m_Bits: 4294967295
  m_AttachTransform: {fileID: 0}
  m_StartingSelectedInteractable: {fileID: 0}
  m_OnHoverEnter:
    m_PersistentCalls:
      m_Calls: []
  m_OnHoverExit:
    m_PersistentCalls:
      m_Calls: []
  m_OnSelectEnter:
    m_PersistentCalls:
      m_Calls: []
  m_OnSelectExit:
    m_PersistentCalls:
      m_Calls: []
  m_SelectActionTrigger: 1
  m_HideControllerOnSelect: 0
  m_PlayAudioClipOnSelectEnter: 0
  m_AudioClipForOnSelectEnter: {fileID: 0}
  m_PlayAudioClipOnSelectExit: 0
  m_AudioClipForOnSelectExit: {fileID: 0}
  m_PlayAudioClipOnHoverEnter: 0
  m_AudioClipForOnHoverEnter: {fileID: 0}
  m_PlayAudioClipOnHoverExit: 0
  m_AudioClipForOnHoverExit: {fileID: 0}
  m_PlayHapticsOnSelectEnter: 0
  m_HapticSelectEnterIntensity: 0
  m_HapticSelectEnterDuration: 0
  m_PlayHapticsOnSelectExit: 0
  m_HapticSelectExitIntensity: 0
  m_HapticSelectExitDuration: 0
  m_PlayHapticsOnHoverEnter: 0
  m_HapticHoverEnterIntensity: 0
  m_HapticHoverEnterDuration: 0
  m_PlayHapticsOnHoverExit: 0
  m_HapticHoverExitIntensity: 0
  m_HapticHoverExitDuration: 0
  m_LineType: 0
  m_MaxRaycastDistance: 3
  m_ReferenceFrame: {fileID: 0}
  m_Velocity: 16
  m_Acceleration: 9.8
  m_AdditionalFlightTime: 0.5
  m_EndPointDistance: 30
  m_EndPointHeight: -10
  m_ControlPointDistance: 10
  m_ControlPointHeight: 5
  m_SampleFrequency: 20
  m_HitDetectionType: 0
  m_SphereCastRadius: 0
  m_RaycastMask:
    serializedVersion: 2
    m_Bits: 4294967295
  m_RaycastTriggerInteraction: 1
  m_HoverToSelect: 0
  m_HoverTimeToSelect: 0.5
  m_EnableUIInteraction: 1
--- !u!120 &3555706860321879078
LineRenderer:
  m_ObjectHideFlags: 0
  m_CorrespondingSourceObject: {fileID: 0}
  m_PrefabInstance: {fileID: 0}
  m_PrefabAsset: {fileID: 0}
  m_GameObject: {fileID: 3555706860321879075}
  m_Enabled: 1
  m_CastShadows: 0
  m_ReceiveShadows: 0
  m_DynamicOccludee: 1
  m_MotionVectors: 0
  m_LightProbeUsage: 0
  m_ReflectionProbeUsage: 0
  m_RayTracingMode: 0
  m_RayTraceProcedural: 0
  m_RenderingLayerMask: 1
  m_RendererPriority: 0
  m_Materials:
  - {fileID: 10306, guid: 0000000000000000f000000000000000, type: 0}
  m_StaticBatchInfo:
    firstSubMesh: 0
    subMeshCount: 0
  m_StaticBatchRoot: {fileID: 0}
  m_ProbeAnchor: {fileID: 0}
  m_LightProbeVolumeOverride: {fileID: 0}
  m_ScaleInLightmap: 1
  m_ReceiveGI: 1
  m_PreserveUVs: 0
  m_IgnoreNormalsForChartDetection: 0
  m_ImportantGI: 0
  m_StitchLightmapSeams: 1
  m_SelectedEditorRenderState: 3
  m_MinimumChartSize: 4
  m_AutoUVMaxDistance: 0.5
  m_AutoUVMaxAngle: 89
  m_LightmapParameters: {fileID: 0}
  m_SortingLayerID: 0
  m_SortingLayer: 0
  m_SortingOrder: 5
  m_Positions: []
  m_Parameters:
    serializedVersion: 3
    widthMultiplier: 0.02
    widthCurve:
      serializedVersion: 2
      m_Curve:
      - serializedVersion: 3
        time: 0
        value: 1
        inSlope: 0
        outSlope: 0
        tangentMode: 0
        weightedMode: 0
        inWeight: 0
        outWeight: 0
      - serializedVersion: 3
        time: 1
        value: 1
        inSlope: 0
        outSlope: 0
        tangentMode: 0
        weightedMode: 0
        inWeight: 0
        outWeight: 0
      m_PreInfinity: 2
      m_PostInfinity: 2
      m_RotationOrder: 4
    colorGradient:
      serializedVersion: 2
      key0: {r: 0, g: 0, b: 1, a: 1}
      key1: {r: 0, g: 0, b: 1, a: 1}
      key2: {r: 0, g: 0, b: 0, a: 0}
      key3: {r: 0, g: 0, b: 0, a: 0}
      key4: {r: 0, g: 0, b: 0, a: 0}
      key5: {r: 0, g: 0, b: 0, a: 0}
      key6: {r: 0, g: 0, b: 0, a: 0}
      key7: {r: 0, g: 0, b: 0, a: 0}
      ctime0: 0
      ctime1: 65535
      ctime2: 0
      ctime3: 0
      ctime4: 0
      ctime5: 0
      ctime6: 0
      ctime7: 0
      atime0: 0
      atime1: 65535
      atime2: 0
      atime3: 0
      atime4: 0
      atime5: 0
      atime6: 0
      atime7: 0
      m_Mode: 0
      m_NumColorKeys: 2
      m_NumAlphaKeys: 2
    numCornerVertices: 4
    numCapVertices: 4
    alignment: 0
    textureMode: 0
    shadowBias: 0.5
    generateLightingData: 0
  m_UseWorldSpace: 1
  m_Loop: 0
--- !u!114 &3555706860321879073
MonoBehaviour:
  m_ObjectHideFlags: 0
  m_CorrespondingSourceObject: {fileID: 0}
  m_PrefabInstance: {fileID: 0}
  m_PrefabAsset: {fileID: 0}
  m_GameObject: {fileID: 3555706860321879075}
  m_Enabled: 1
  m_EditorHideFlags: 0
  m_Script: {fileID: 11500000, guid: e988983f96fe1dd48800bcdfc82f23e9, type: 3}
  m_Name: 
  m_EditorClassIdentifier: 
  m_LineWidth: 0.02
  m_OverrideInteractorLineLength: 1
  m_LineLength: 10
  m_WidthCurve:
    serializedVersion: 2
    m_Curve:
    - serializedVersion: 3
      time: 0
      value: 1
      inSlope: 0
      outSlope: 0
      tangentMode: 0
      weightedMode: 0
      inWeight: 0
      outWeight: 0
    - serializedVersion: 3
      time: 1
      value: 1
      inSlope: 0
      outSlope: 0
      tangentMode: 0
      weightedMode: 0
      inWeight: 0
      outWeight: 0
    m_PreInfinity: 2
    m_PostInfinity: 2
    m_RotationOrder: 4
  m_ValidColorGradient:
    serializedVersion: 2
    key0: {r: 1, g: 1, b: 1, a: 1}
    key1: {r: 1, g: 1, b: 1, a: 1}
    key2: {r: 0, g: 0, b: 0, a: 0}
    key3: {r: 0, g: 0, b: 0, a: 0}
    key4: {r: 0, g: 0, b: 0, a: 0}
    key5: {r: 0, g: 0, b: 0, a: 0}
    key6: {r: 0, g: 0, b: 0, a: 0}
    key7: {r: 0, g: 0, b: 0, a: 0}
    ctime0: 0
    ctime1: 65535
    ctime2: 0
    ctime3: 0
    ctime4: 0
    ctime5: 0
    ctime6: 0
    ctime7: 0
    atime0: 0
    atime1: 65535
    atime2: 0
    atime3: 0
    atime4: 0
    atime5: 0
    atime6: 0
    atime7: 0
    m_Mode: 0
    m_NumColorKeys: 2
    m_NumAlphaKeys: 2
  m_InvalidColorGradient:
    serializedVersion: 2
    key0: {r: 1, g: 0, b: 0, a: 1}
    key1: {r: 1, g: 0, b: 0, a: 1}
    key2: {r: 0, g: 0, b: 0, a: 0}
    key3: {r: 0, g: 0, b: 0, a: 0}
    key4: {r: 0, g: 0, b: 0, a: 0}
    key5: {r: 0, g: 0, b: 0, a: 0}
    key6: {r: 0, g: 0, b: 0, a: 0}
    key7: {r: 0, g: 0, b: 0, a: 0}
    ctime0: 0
    ctime1: 65535
    ctime2: 0
    ctime3: 0
    ctime4: 0
    ctime5: 0
    ctime6: 0
    ctime7: 0
    atime0: 0
    atime1: 65535
    atime2: 0
    atime3: 0
    atime4: 0
    atime5: 0
    atime6: 0
    atime7: 0
    m_Mode: 0
    m_NumColorKeys: 2
    m_NumAlphaKeys: 2
  m_SmoothMovement: 0
  m_FollowTightness: 10
  m_SnapThresholdDistance: 10
  m_Reticle: {fileID: 0}
  m_StopLineAtFirstRaycastHit: 1
--- !u!1 &3555706860512154116
GameObject:
  m_ObjectHideFlags: 0
  m_CorrespondingSourceObject: {fileID: 0}
  m_PrefabInstance: {fileID: 0}
  m_PrefabAsset: {fileID: 0}
  serializedVersion: 6
  m_Component:
  - component: {fileID: 3555706860512154117}
  - component: {fileID: 3555706860512154363}
  - component: {fileID: 3555706860512154362}
  - component: {fileID: 3555706860512154360}
  m_Layer: 0
  m_Name: RightHand Direct Controller
  m_TagString: Untagged
  m_Icon: {fileID: 0}
  m_NavMeshLayer: 0
  m_StaticEditorFlags: 0
  m_IsActive: 1
--- !u!4 &3555706860512154117
Transform:
  m_ObjectHideFlags: 0
  m_CorrespondingSourceObject: {fileID: 0}
  m_PrefabInstance: {fileID: 0}
  m_PrefabAsset: {fileID: 0}
  m_GameObject: {fileID: 3555706860512154116}
  m_LocalRotation: {x: -0, y: -0, z: -0, w: 1}
  m_LocalPosition: {x: 0, y: 0, z: 0}
  m_LocalScale: {x: 1, y: 1, z: 1}
  m_Children:
  - {fileID: 3555706858664883664}
  - {fileID: 3555706858760803544}
  m_Father: {fileID: 3555706858767599888}
  m_RootOrder: 3
  m_LocalEulerAnglesHint: {x: 0, y: 0, z: 0}
--- !u!114 &3555706860512154363
MonoBehaviour:
  m_ObjectHideFlags: 0
  m_CorrespondingSourceObject: {fileID: 0}
  m_PrefabInstance: {fileID: 0}
  m_PrefabAsset: {fileID: 0}
  m_GameObject: {fileID: 3555706860512154116}
  m_Enabled: 1
  m_EditorHideFlags: 0
  m_Script: {fileID: 11500000, guid: 1ae26e19cd956134bbdf3c6f65bf393a, type: 3}
  m_Name: 
  m_EditorClassIdentifier: 
  m_UpdateTrackingType: 0
  m_EnableInputActions: 1
  m_PoseProvider: {fileID: 0}
  m_ControllerNode: 5
  m_SelectUsage: 3
  m_ActivateUsage: 2
  m_UIPressUsage: 2
  m_AxisToPressThreshold: 0.1
  m_ModelPrefab: {fileID: 0}
  m_ModelTransform: {fileID: 3555706858664883664}
  m_AnimateModel: 0
  m_ModelSelectTransition: 
  m_ModelDeSelectTransition: 
--- !u!114 &3555706860512154362
MonoBehaviour:
  m_ObjectHideFlags: 0
  m_CorrespondingSourceObject: {fileID: 0}
  m_PrefabInstance: {fileID: 0}
  m_PrefabAsset: {fileID: 0}
  m_GameObject: {fileID: 3555706860512154116}
  m_Enabled: 1
  m_EditorHideFlags: 0
  m_Script: {fileID: 11500000, guid: 4253f32900bcc4d499d675566142ded0, type: 3}
  m_Name: 
  m_EditorClassIdentifier: 
  m_InteractionManager: {fileID: 0}
  m_InteractionLayerMask:
    serializedVersion: 2
    m_Bits: 527872
  m_AttachTransform: {fileID: 0}
  m_StartingSelectedInteractable: {fileID: 0}
  m_OnHoverEnter:
    m_PersistentCalls:
      m_Calls: []
  m_OnHoverExit:
    m_PersistentCalls:
      m_Calls: []
  m_OnSelectEnter:
    m_PersistentCalls:
      m_Calls: []
  m_OnSelectExit:
    m_PersistentCalls:
      m_Calls: []
  m_SelectActionTrigger: 1
  m_HideControllerOnSelect: 1
  m_PlayAudioClipOnSelectEnter: 0
  m_AudioClipForOnSelectEnter: {fileID: 0}
  m_PlayAudioClipOnSelectExit: 0
  m_AudioClipForOnSelectExit: {fileID: 0}
  m_PlayAudioClipOnHoverEnter: 0
  m_AudioClipForOnHoverEnter: {fileID: 0}
  m_PlayAudioClipOnHoverExit: 0
  m_AudioClipForOnHoverExit: {fileID: 0}
  m_PlayHapticsOnSelectEnter: 0
  m_HapticSelectEnterIntensity: 0
  m_HapticSelectEnterDuration: 0
  m_PlayHapticsOnSelectExit: 0
  m_HapticSelectExitIntensity: 0
  m_HapticSelectExitDuration: 0
  m_PlayHapticsOnHoverEnter: 0
  m_HapticHoverEnterIntensity: 0
  m_HapticHoverEnterDuration: 0
  m_PlayHapticsOnHoverExit: 0
  m_HapticHoverExitIntensity: 0
  m_HapticHoverExitDuration: 0
--- !u!135 &3555706860512154360
SphereCollider:
  m_ObjectHideFlags: 0
  m_CorrespondingSourceObject: {fileID: 0}
  m_PrefabInstance: {fileID: 0}
  m_PrefabAsset: {fileID: 0}
  m_GameObject: {fileID: 3555706860512154116}
  m_Material: {fileID: 0}
  m_IsTrigger: 1
  m_Enabled: 1
  serializedVersion: 2
  m_Radius: 0.05
  m_Center: {x: 0, y: 0, z: 0}
